2488 3758
147 181 182 240 66
457 195 483 235 n.
504 193 620 235 anun-r·
635 189 762 233 aaaron

147 317 273 393 pendas,
296 315 364 372 dum
380 313 487 388 passim
504 313 653 386 profutura
668 310 803 379 sectaris,
819 308 963 383 imponam
975 308 1074 377 notas,

149 398 182 452 ut
203 393 239 452 ad
261 396 325 467 ipsa
346 393 498 466 protinus,
515 407 580 464 quae
596 390 684 465 probo
697 389 728 446 ct
745 389 841 458 miror,
857 387 985 446 accedas.
1005 386 1077 444 Plus

120 539 121 544 .
149 477 246 532 tamen
271 472 325 529 tini
348 476 378 528 et
396 473 462 530 viva
481 487 534 528 vox
560 473 589 529 et
611 470 757 527 convictus
779 485 866 541 quam
886 465 994 525 oratio¹
1015 481 1077 540 pro·

150 553 283 611 derit.1n
300 569 359 609 rem
379 550 566 626 praesentem¹
584 551 683 609 venias
698 551 825 624 oportet:
846 549 988 622 primum,
1007 546 1078 619 quia

148 634 280 690 hominos
295 631 419 706 amplius
435 631 528 689 oculis
545 646 630 704 quem
644 631 765 687 auribus
783 628 936 697 credunt³3
956 627 1075 694 deinde,

151 714 218 786 quia
238 713 354 784 longum
373 712 428 770 iter
444 713 490 769 est
509 728 559 783 per
577 712 731 785 praecepta,
750 710 836 766 breve
856 710 885 764 et
905 707 1006 764 efficax
1025 723 1077 779 per

150 793 290 866 exempla.
313 795 452 849 Zenonem
474 790 645 850 Cleanthes⁴
664 806 720 846 non
733 790 941 863 expressisset,
964 789 989 845 si
1012 789 1078 843 tan-

149 872 297 930 tummodo
312 873 451 929 audisset.
469 872 542 930 Vitae
554 874 617 945 ejus
630 870 775 939 interfuit,
795 871 903 926 secreta
919 868 1074 942 perspexit,

150 953 314 1010 observavit
335 951 417 1009 ilium
437 968 474 1008 an
488 968 523 1008 ex
536 951 658 1008 formula
674 957 749 1007 suat
769 949 889 1006 vireret.
915 949 994 1005 Plato
1007 949 1027 1019 ⁰,
1046 949 1077 1004 et

150 1031 335 1100 Aristotcles,
362 1034 391 1089 et
416 1032 508 1088 omnis
540 1031 570 1087 in
598 1032 744 1088 diversum
770 1029 874 1086 itura⁷
902 1029 1076 1103 sapientium

150 1111 253 1180 turba,
269 1112 335 1184 pius
350 1127 384 1166 ex
397 1111 524 1167 moribus
544 1127 630 1183 quam
647 1126 682 1166 ex
698 1109 794 1166 verbis
816 1109 962 1166 Socratis⁸
978 1110 1074 1166 traxit.

151 1190 358 1259 Metrodorum,
388 1192 416 1246 et
438 1191 660 1258 Hermarchum,
685 1192 714 1246 et
739 1189 935 1261 Polyaenum⁹,
956 1206 1077 1262 magnos

151 1271 229 1329 viros
247 1286 302 1328 non
322 1270 421 1328 schola
438 1271 553 1343 Epicuri
577 1270 626 1328 sed
656 1270 874 1327 contubernium
883 1269 905 1304 ¹⁰
924 1271 999 1327 iecit.
1018 1274 1078 1328 Nec

152 1350 182 1408 in
203 1351 256 1407 hoc
276 1352 305 1406 te
325 1365 439 1408 arcesso
455 1352 565 1406 tantum
590 1351 621 1406 ut
639 1350 787 1423 proficias,
808 1350 858 1406 sed
878 1351 909 1406 ut
927 1350 1021 1424 prosis
1033 1349 1076 1408 ¹¹:

152 1429 308 1505 plurimam
320 1431 397 1486 enim
411 1430 579 1488 alteralteri
594 1431 782 1486 conteremus.

189 1508 316 1578 interim,
329 1511 464 1582 quoniam
478 1510 609 1566 diurnam
622 1510 674 1566 tibi
686 1509 879 1566 mercedulam
892 1509 990 1579 debeo,
1007 1510 1077 1583 quid

153 1605 198 1644 me
213 1588 298 1646 hodie
313 1589 387 1663 apud
401 1590 572 1646 Hecatonem
587 1588 785 1657 delectaverit,
797 1587 899 1646 dicam.
918 1611 931 1642 a
946 1590 1075 1658 Quarta,

153 1669 260 1741 inquit,
273 1669 347 1741 quid
358 1670 562 1743 profecerim?
571 1700 607 1712 -
618 1669 743 1725 Amicus
754 1684 814 1726 esse
827 1668 940 1726 miti.»
956 1669 1077 1727 Multum

152 1747 266 1820 proiicit
277 1747 299 1783 ¹²
314 1770 321 1805 :
337 1765 483 1821 nunquam
498 1750 555 1806 erit
568 1749 657 1806 solue.
673 1747 750 1806 Scito
764 1748 841 1804 hunc
853 1748 978 1806 amioum
989 1749 1078 1806 omni-

152 1827 207 1884 bus
220 1844 286 1885 esse
300 1827 331 1884 ¹³.
347 1829 426 1887 Vale.

185 2004 356 2056 Rdrcsxrous.
377 2004 461 2056 -La
482 2004 599 2057 doctrine
618 2004 650 2056 de
666 2008 727 2056 tous
741 2004 779 2055 ies
800 2004 899 2070 grands
910 2002 1079 2070 philosophos

153 2074 248 2140 paiens
267 2079 295 2125 et
313 2075 444 2126 ohreusns
463 2089 510 2126 sur
526 2077 551 2126 la
569 2075 642 2126 vraie
665 2074 753 2126 amitit
772 2075 892 2140 pourrait
911 2089 939 2126 se
961 2075 1079 2127 resumer

186 2209 195 2241 ²
213 2219 291 2260 Oratio
297 2249 304 2271 ,
318 2220 440 2261 «discours
449 2219 556 2271 scisne.)
568 2222 603 2262 est
630 2222 750 2263 tondatenr
763 2223 794 2263 du
808 2222 886 2272 nycte.

152 2281 183 2322 ici
197 2281 280 2330 oppose
293 2281 307 2322 a
322 2284 376 2324 otuu
391 2292 446 2331 ooo,
462 2289 602 2326 econverso·
660 2275 712 2325 ⁷In
721 2285 839 2326 dweraom
848 2287 921 2335 tturo,
935 2284 1080 2335 (quidevatt

153 2343 209 2392 tlon,
224 2349 237 2379 u
252 2346 276 2385 et
289 2343 303 2386 a
315 2346 441 2396 convictus,
455 2352 467 2382 a
481 2355 604 2388 commarca
630 2346 705 2387 auivre
719 2347 758 2388 des
773 2349 850 2388 routea
864 2346 975 2396 apportes.
989 2349 1002 2380 t

152 2403 265 2449 naaituer.
282 2411 295 2444 a
662 2399 672 2432 ⁸
687 2407 781 2450 socrate
800 2405 934 2459 (ιω-400),
948 2411 969 2452 re
986 2407 1039 2460 pera
1052 2409 1080 2451 os

186 2459 242 2510 Ξ1η
254 2479 304 2511 rem
315 2472 454 2521 pacsanum,
469 2470 603 2512 odorantia
630 2473 654 2512 la
670 2470 808 2520 philosophie
822 2481 925 2522 grecque.

153 2531 219 2573 chose
232 2531 397 2574 elle-mame.»
661 2523 673 2557 ⁹
688 2533 827 2584 metr-odore,
844 2534 983 2576 Hermarchus
1000 2533 1025 2574 et
1039 2532 1082 2573 Po·

186 2583 196 2616 ³
205 2595 291 2635 Horace
298 2595 362 2634 avait
369 2594 403 2634 dit
411 2597 481 2636 avant
489 2594 589 2645 seneque
597 2607 602 2637 :
630 2595 711 2645 lyeuns
720 2597 771 2637 sont
779 2595 835 2637 trois
846 2597 946 2646 disciples
953 2583 1082 2645 d’iiptcure,

154 2669 232 2713 segnius
243 2672 490 2708 nnmtmimoodemissa
500 2682 604 2714 pererrem
630 2658 689 2698 dm
707 2659 728 2698 Ῑθ
745 2659 846 2709 premes
866 2661 913 2700 ⁸0⁰1
931 2659 966 2701 “t
986 2665 1018 2698 'm
1035 2665 1079 2708 peu

154 2716 214 2759 Quam
225 2725 266 2760 quor
274 2719 320 2752 runt
330 2717 390 2752 oculis
401 2717 484 2759 abiecta
494 2718 587 2754 odoldum.
630 2730 711 2761 connu.

406 2769 460 2814 (Ara
471 2774 530 2814 poet.)
663 2773 686 2811 1⁰
697 2782 879 2826 contubernium
888 2779 958 2835 (oum,
966 2779 1082 2833 musmo),

185 2834 198 2867 ὃ
212 2843 320 2886 Cleanthe
335 2841 455 2892 (sinicium,
470 2843 560 2894 discipie
577 2845 604 2885 de
630 2843 788 2886 utrumne.»

154 2903 604 2956 Zdnon),an'etttpasr·eprodutt,uta1t
664 2897 683 2930 ¹¹
697 2911 710 2944 o
722 2907 750 2948 Je
771 2917 799 2948 ne
817 2909 840 2948 ie
854 2907 949 2948 rtclame
965 2902 1081 2952 (oroeaao)

154 2966 242 3008 resima
261 2967 336 3008 zenon
350 2967 486 3011 (tondateur
503 2970 534 3010 du
550 2969 603 3010 Por·
630 2978 670 3018 pas
679 2970 804 3010 seulement
818 2979 875 3019 pour
884 2971 924 3011 ton
938 2970 1006 3020 profit
1019 2959 1083 3020 (pro-

154 3029 218 3077 tioao
233 3025 337 3072 [toi-260
350 3039 385 3069 av.
398 3025 489 3076 ΜΗ).
628 3026 724 3082 flotus),
740 3033 797 3072 mats
817 3042 875 3081 pour
894 3032 916 3072 ie
936 3031 996 3073 mian
1017 3028 1082 3080 (pto-

188 3083 198 3114 ⁵
215 3092 252 3132 Ea
262 3091 369 3141 seronato
382 3100 438 3142 aaa,
451 3091 560 3142 od'apres
571 3102 604 3134 sea
630 3089 704 3138 aar.»

154 3153 294 3194 matrimes.»
664 3147 685 3179 ²²
699 3160 712 3190 ((
726 3155 747 3195 Il
759 3165 773 3196 a
786 3155 900 3206 beaucoup
913 3154 994 3206 sagae.
1007 3159 1019 3191 ³

188 3204 293 3255 tristor
309 3210 427 3265 (oroma),
441 3216 604 3258 tondateurde
661 3207 682 3241 ¹³
704 3222 716 3253 t
737 3217 808 3258 decha
827 3217 898 3267 qu’un
924 3219 959 3260 tei
978 3217 1025 3260 emi
1046 3215 1084 3260 eat

155 3271 333 3319 ricademio.-
346 3274 603 3330 annotastis-822),
631 3277 692 3321 l'ami
704 3279 828 3322 deterre.)
1084 3277 1086 3282 '
