2488 3758
172 205 207 264 96
479 222 632 266 n.nnun1
657 221 786 265 sunnon

172 344 263 414 magis
288 343 419 415 torquent
442 359 528 414 quam
549 343 694 402 debeant:
717 343 847 416 quaedem
874 340 939 399 ante
962 339 1101 414 torquent

172 440 257 496 quam
271 424 407 494 debeant;
420 425 550 500 quaedam
566 425 711 498 torquent,
730 440 818 497 quum
837 423 952 480 omnino
970 439 1026 478 non
1042 422 1100 478 de-

171 505 266 561 beant.
280 504 336 560 Aut
350 520 487 574 augemus
499 504 625 562 dolorem
634 505 653 575 ¹,
670 507 720 562 aut
738 505 887 576 fingimus,
903 503 953 560 eut
967 502 1101 576 praecipi-

171 600 247 640 mus.
265 583 442 640 -Primum
463 584 535 640 illud
543 585 564 655 ²,
580 586 648 657 quia
666 602 712 642 res
733 585 763 640 in
779 583 1045 652 coutroversiaest,
1065 585 1099 640 et

171 663 252 720 litem
264 666 451 720 contestatam
466 664 619 734 hebemus,
636 665 666 721 in
681 665 833 740 praesentia
843 663 998 721 ditl'eratur.
1013 664 1097 732 Quod

171 761 223 816 ego
237 745 299 800 leve
313 744 425 814 dixero,
437 746 468 800 tu
478 745 753 817 gravissimumessc
764 745 916 803 contendes
931 766 938 800 :
952 746 1010 800 scio
1020 744 1096 800 alios

171 825 246 881 inter
261 825 372 896 flagella
386 825 492 895 ridere,
507 825 579 882 alios
596 842 710 896 gernere
732 825 785 882 sub
800 824 927 897 colapho.
941 825 1042 880 Postea
1055 824 1097 880 vi·

172 905 303 962 dabimus
321 907 417 962 utrum
431 905 487 961 ista
509 906 570 962 suis
586 906 695 963 viribus
711 907 825 962 valeant
839 921 875 960 an
896 905 1109 960 imbecillitate.
1153 915 1158 920 '

172 987 278 1041 nostra.
295 985 368 1042 lllud
387 987 492 1058 praesta
508 984 593 1054 mibi,
611 986 643 1042 ut
658 986 769 1056 quoties
786 985 1027 1042 circumsteterint
1043 985 1095 1057 qui

171 1064 224 1121 tibi
241 1064 269 1120 te
288 1065 425 1122 miserum
440 1081 504 1121 esse
527 1065 731 1138 persuadeant,
751 1081 807 1120 non
832 1064 899 1136 quid
918 1064 1019 1138 audias
1043 1063 1094 1119 sed

171 1145 240 1217 quid
255 1145 378 1214 sentias,
391 1145 499 1215 cogites
523 1145 552 1200 et
573 1161 638 1200 cum
655 1145 793 1218 patientia
809 1146 858 1200 tua
875 1143 1042 1212 deliberes³,
1058 1158 1094 1198 ac

171 1224 199 1280 te
212 1225 274 1298 ipse
286 1225 458 1295 interroges,
474 1224 523 1296 qui
538 1225 587 1280 tua
599 1225 705 1297 optime
720 1225 796 1281 nosti
812 1244 818 1281 ε
838 1247 850 1275 «
865 1223 938 1291 Quid
948 1225 992 1278 cst
1003 1239 1093 1294 qnare

170 1303 219 1360 isti
234 1321 279 1360 me
293 1303 487 1377 complerent?
502 1305 576 1373 Quid
592 1305 720 1377 estquod
735 1305 892 1377 trepident,
907 1303 978 1376 quod
993 1305 1092 1359 conta-

170 1387 248 1457 gium
262 1401 373 1458 quoque
386 1385 443 1441 mei
461 1385 592 1456 timeant,
608 1385 691 1457 quasi
706 1384 850 1441 transilire
867 1383 1014 1440 calamitas
1027 1400 1095 1457 pos-

171 1464 231 1522 sit‘t
243 1467 292 1522 Est
307 1465 415 1538 aliquid
429 1465 494 1522 istic
508 1463 597 1520 meli?
612 1481 648 1520 en
664 1481 710 1521 res
722 1466 778 1521 ista
793 1464 884 1535 magis
901 1464 1034 1520 insamis⁴
1047 1465 1094 1520 cst

170 1561 254 1617 quam
272 1543 366 1600 mala?
387 1566 399 1594 r
421 1547 484 1618 lpse
501 1548 530 1600 te
549 1545 690 1616 interroga
709 1561 715 1602 :
734 1544 907 1617 «Numquid
926 1545 988 1600 sine
1004 1560 1091 1600 causa

170 1625 294 1693 crucior,
316 1625 343 1680 et
360 1639 479 1693 moereo,
498 1625 527 1682 et
545 1624 619 1697 quod
638 1642 694 1680 non
715 1627 759 1681 est
780 1625 887 1680 malurn
908 1625 998 1680 facio?
1019 1645 1031 1674 o
1054 1655 1091 1665 -

172 1705 361 1773 «Quomodo,
383 1726 396 1756 »
423 1703 535 1776 inquis,
562 1726 574 1756 o
596 1705 754 1776 intelligam
775 1721 848 1761 vane
872 1705 930 1762 sint
952 1721 989 1760 an
1007 1719 1089 1773 vcra,

170 1785 275 1856 quibus
291 1784 401 1856 angor?
419 1806 432 1835 o
452 1786 555 1857 Accipe
574 1785 659 1856 buJus
674 1785 715 1840 rei
732 1786 860 1854 regulam
879 1803 886 1840 :
907 1787 956 1840 aut
971 1801 1092 1857 praescn-

170 1865 247 1921 tibus
258 1867 432 1938 torquemur,
445 1865 495 1920 eut
505 1865 619 1934 suturis,
631 1865 681 1920 aut
691 1864 827 1937 utrisque.
840 1867 878 1921 be
889 1865 1090 1938 presentibus,

169 1945 254 2002 facile
269 1951 314 2002 est
328 1946 466 2017 judicium
484 1965 490 2000 :
513 1945 537 2000 si
556 1961 658 2018 corpus
673 1947 755 2002 tuum
771 1944 894 2001 liberum
912 1947 969 2013 est,
989 1960 1090 2000 senum

170 2026 224 2094 est,
232 2042 283 2082 nec
293 2025 371 2082 ullus
381 2042 414 2080 ex
425 2023 548 2097 injuria⁵
557 2023 637 2080 dolor
647 2025 704 2081 est:
714 2025 874 2081 videbimus
883 2025 951 2096 quid
963 2026 1090 2081 lutururn

170 2105 222 2172 sit3
238 2105 322 2160 hodie
337 2105 408 2161 nihil
421 2105 527 2176 negotii
544 2105 654 2160 habetl.
670 2105 749 2160 -lt
763 2105 840 2160 enirn
855 2105 982 2160 futurum
993 2107 1045 2161 est.
1055 2137 1091 2148 -

169 2184 295 2238 Primum
318 2184 427 2256 dispice
446 2200 482 2238 en
503 2185 765 2256 certaargumenta
784 2185 844 2241 sint
862 2183 974 2240 venturi
995 2185 1089 2241 mali:

168 2263 336 2336 plerumque
347 2265 424 2318 enim
441 2263 654 2335 suspicionibus
669 2265 842 2332 laboramus,
854 2267 882 2320 et
895 2264 991 2320 illudit
1006 2263 1089 2322 nobis

168 2343 228 2412 illa,
237 2361 299 2416 quae
314 2343 452 2400 conticere
460 2343 568 2399 bellum
579 2343 677 2413 solet⁷‚
688 2345 763 2400 lama
774 2363 780 2400 :
793 2345 882 2400 multo
892 2347 988 2401 autem
997 2345 1090 2416 magis

169 2425 299 2496 singulos
316 2423 436 2481 conficit.
462 2424 504 2481 lta
522 2425 581 2494 est,
602 2424 642 2480 mi
658 2423 768 2481 Lucili:
784 2424 840 2481 cito
856 2424 1018 2481 accedimns
1032 2424 1091 2499 opi-

198 2629 340 2689 ¹Aooemos
354 2639 460 2682 dolorem.
476 2637 539 2682 Nous
551 2641 613 2682 trou-
641 2645 654 2677 c
675 2642 779 2684 consulte
798 2643 825 2684 ta
840 2639 902 2684 101·oe
919 2639 1090 2694 bercuiacense,

166 2712 223 2744 rom
240 2703 263 2744 la
279 2700 349 2744 mtme
364 2703 444 2753 peneto
461 2704 518 2744 dans
534 2703 613 2745 Berse·
641 2703 681 2745 ton
694 2703 816 2754 courageb
833 2705 991 2755 supportemus
1007 2705 1089 2746 mul.)

167 2767 245 2808 rodes
671 2757 683 2789 ⁴
698 2766 776 2816 Manu
795 2768 904 2818 tmamto,
923 2769 973 2818 plna
990 2768 1035 2808 mal
1054 2767 1088 2808 fn-

342 2826 592 2870 mprcvoyanoenumnrne
640 2827 718 2870 mee.»

165 2871 244 2915 ΜΨ
252 2872 612 2968 ΜΠΨΜἈἭᾜΫΜ·
639 2953 647 3002 1
672 2881 729 2993 {lte
735 2891 845 2989 polono,
861 2889 967 2933 «cause
983 2901 1025 2941 pur
1038 2890 1088 2932 l’in·

650 2963 726 2995 narce.

197 3003 209 3038 ²
228 3013 337 3057 Primum
357 3015 431 3067 iliad,
451 3021 464 3052 t
484 3016 544 3057 cette
562 3025 612 3066 pre·
671 3005 765 3058 ⁰Hodtc
775 3017 837 3058 orbo
846 3015 1016 3066 noannoeane,
1027 3021 1088 3058 snu-

166 3073 237 3117 rnlbro
254 3077 367 3128 question,
385 3083 398 3114 b
417 3077 431 3119 b
451 3080 526 3120 sorolr
542 3077 561 3118 si
579 3079 612 3118 les
638 3077 752 3127 tourd'lrni
765 3078 781 3121 ll
795 3078 834 3130 n'y
851 3089 864 3120 a
879 3089 920 3130 pas
938 3078 983 3120 lien
1000 3079 1028 3120 do
1039 3077 1088 3120 s'cn

167 3148 288 3196 mauxflquc
298 3149 354 3180 nous
366 3141 475 3181 scabrone
484 3143 536 3182 sont
547 3139 611 3182 roais.
639 3150 740 3192 occuper.
755 3147 767 3178 r

165 3217 192 3226 -
206 3203 236 3241 lo
252 3203 374 3248 presencia
390 3205 518 3253 differatur,
533 3210 545 3240 c
560 3203 611 3244 luis·
669 3195 679 3228 ⁷
695 3203 910 3254 amnemamnem,
927 3225 954 3233 -
973 3204 1087 3255 stropulos,

165 3263 248 3303 sons-ln
257 3263 284 3302 de
295 3261 344 3304 ebbe
353 3273 410 3312 pour
419 3265 440 3302 le
449 3267 556 3306 moment.
568 3271 580 3301 n
638 3271 651 3302 c
662 3265 740 3307 ruiner
749 3268 780 3307 ies
795 3265 879 3306 armdes
893 3266 951 3307 dans
964 3265 988 3306 la
997 3275 1087 3318 guerre,

196 3314 207 3348 ³
226 3324 282 3366 &tm
301 3326 418 3374 pattendo
438 3327 480 3366 tua
499 3328 610 3379 doltbcreo,
637 3329 709 3388 y-les
722 3329 899 3380 porticellam.»
