<?xml version="1.0" encoding="UTF-8"?>
<!DOCTYPE html PUBLIC "-//W3C//DTD XHTML 1.0 Transitional//EN"
    "http://www.w3.org/TR/xhtml1/DTD/xhtml1-transitional.dtd">
<html xmlns="http://www.w3.org/1999/xhtml" xml:lang="en" lang="en">
 <head>
  <title>
</title>
<meta http-equiv="Content-Type" content="text/html;charset=utf-8" />
  <meta name='ocr-system' content='tesseract 3.04.00' />
  <meta name='ocr-capabilities' content='ocr_page ocr_carea ocr_par ocr_line ocrx_word'/>
</head>
<body>
  <div class='ocr_page' id='page_1' title='image "./adluciliumepist00senegoog_0138.png"; bbox 0 0 2488 3758; ppageno 0'>
   <div class='ocr_carea' id='block_1_1' title="bbox 308 209 1072 268">
    <p class='ocr_par' dir='ltr' id='par_1_1' title="bbox 308 209 1072 268">
     <span class='ocr_line' id='line_1_1' title="bbox 308 209 1072 268; baseline 0.005 -4"><span class='ocrx_word' id='word_1_1' title='bbox 308 223 349 264; x_wconf 79' lang='lat' dir='ltr'>nn</span> <span class='ocrx_word' id='word_1_2' title='bbox 371 223 539 266; x_wconf 81' lang='lat' dir='ltr'>nuo1n1uu</span> <span class='ocrx_word' id='word_1_3' title='bbox 563 223 725 266; x_wconf 79' lang='lat' dir='ltr'>nrrsronu</span> <span class='ocrx_word' id='word_1_4' title='bbox 750 224 903 268; x_wconf 75' lang='lat' dir='ltr'>ronanus</span> <span class='ocrx_word' id='word_1_5' title='bbox 1035 209 1072 268; x_wconf 78' lang='lat' dir='ltr'>do</span> 
     </span>
    </p>
   </div>
   <div class='ocr_carea' id='block_1_2' title="bbox 134 341 1070 1855">
    <p class='ocr_par' dir='ltr' id='par_1_2' title="bbox 134 341 1070 658">
     <span class='ocr_line' id='line_1_2' title="bbox 139 341 1070 419; baseline -0.006 -15"><span class='ocrx_word' id='word_1_6' title='bbox 139 346 276 406; x_wconf 80' lang='lat' dir='ltr'>audacter</span> <span class='ocrx_word' id='word_1_7' title='bbox 297 341 425 406; x_wconf 82' lang='lat' dir='ltr'>occidit?</span> <span class='ocrx_word' id='word_1_8' title='bbox 448 361 537 418; x_wconf 86' lang='lat' dir='ltr'>quare</span> <span class='ocrx_word' id='word_1_9' title='bbox 561 361 663 419; x_wconf 89' lang='lat' dir='ltr'>parum</span> <span class='ocrx_word' id='word_1_10' title='bbox 687 346 811 404; x_wconf 80' lang='lat' dir='ltr'>libenter</span> <span class='ocrx_word' id='word_1_11' title='bbox 834 347 974 403; x_wconf 77' lang='lat' dir='ltr'>morituri</span> <span class='ocrx_word' id='word_1_12' title='bbox 996 369 1009 398; x_wconf 72' lang='lat' dir='ltr'>s</span> <span class='ocrx_word' id='word_1_13' title='bbox 1033 373 1070 390; x_wconf 87' lang='grc'>-</span> 
     </span>
     <span class='ocr_line' id='line_1_3' title="bbox 138 423 1069 501; baseline -0.001 -17"><span class='ocrx_word' id='word_1_14' title='bbox 138 426 236 497; x_wconf 85' lang='lat' dir='ltr'>Plagis</span> <span class='ocrx_word' id='word_1_15' title='bbox 252 426 348 496; x_wconf 84' lang='lat' dir='ltr'>agitur</span> <span class='ocrx_word' id='word_1_16' title='bbox 362 425 392 480; x_wconf 94' lang='lat' dir='ltr'>in</span> <span class='ocrx_word' id='word_1_17' title='bbox 402 423 523 482; x_wconf 83' lang='lat' dir='ltr'>vulnera</span> <span class='ocrx_word' id='word_1_18' title='bbox 537 446 543 482; x_wconf 90' lang='lat'>:</span> <span class='ocrx_word' id='word_1_19' title='bbox 559 427 675 483; x_wconf 93' lang='lat' dir='ltr'>mutuos</span> <span class='ocrx_word' id='word_1_20' title='bbox 685 427 760 484; x_wconf 92' lang='lat' dir='ltr'>ictus</span> <span class='ocrx_word' id='word_1_21' title='bbox 773 426 857 483; x_wconf 92' lang='lat' dir='ltr'>nudis</span> <span class='ocrx_word' id='word_1_22' title='bbox 872 427 901 484; x_wconf 85' lang='lat' dir='ltr'>et</span> <span class='ocrx_word' id='word_1_23' title='bbox 912 425 1005 484; x_wconf 82' lang='lat' dir='ltr'>obviis</span> <span class='ocrx_word' id='word_1_24' title='bbox 1017 441 1069 501; x_wconf 92' lang='lat' dir='ltr'>pe·</span> 
     </span>
     <span class='ocr_line' id='line_1_4' title="bbox 139 505 1068 580; baseline 0.001 -16"><span class='ocrx_word' id='word_1_25' title='bbox 139 506 267 564; x_wconf 89' lang='lat' dir='ltr'>ctoribns</span> <span class='ocrx_word' id='word_1_26' title='bbox 281 505 435 577; x_wconf 80' lang='lat' dir='ltr'>excipiant.</span> <span class='ocrx_word' id='word_1_27' title='bbox 449 505 649 562; x_wconf 79' lang='lat' dir='ltr'>Intermissum</span> <span class='ocrx_word' id='word_1_28' title='bbox 664 507 709 562; x_wconf 90' lang='lat' dir='ltr'>est</span> <span class='ocrx_word' id='word_1_29' title='bbox 724 505 938 580; x_wconf 81' lang='lat' dir='ltr'>spectaculum:</span> <span class='ocrx_word' id='word_1_30' title='bbox 951 505 1068 566; x_wconf 87' lang='lat' dir='ltr'>interim</span> 
     </span>
     <span class='ocr_line' id='line_1_5' title="bbox 134 583 730 658; baseline 0.002 -16"><span class='ocrx_word' id='word_1_31' title='bbox 134 585 307 658; x_wconf 86' lang='lat' dir='ltr'>jugulentur</span> <span class='ocrx_word' id='word_1_32' title='bbox 320 583 467 653; x_wconf 89' lang='lat' dir='ltr'>homines,</span> <span class='ocrx_word' id='word_1_33' title='bbox 483 601 521 642; x_wconf 91' lang='lat' dir='ltr'>ne</span> <span class='ocrx_word' id='word_1_34' title='bbox 532 585 606 644; x_wconf 89' lang='lat' dir='ltr'>nihil</span> <span class='ocrx_word' id='word_1_35' title='bbox 618 586 730 656; x_wconf 86' lang='lat' dir='ltr'>agatur.</span> 
     </span>
    </p>

    <p class='ocr_par' dir='ltr' id='par_1_3' title="bbox 137 663 1068 901">
     <span class='ocr_line' id='line_1_6' title="bbox 171 663 1068 740; baseline 0.007 -18"><span class='ocrx_word' id='word_1_36' title='bbox 171 665 251 736; x_wconf 77' lang='lat' dir='ltr'>Age,</span> <span class='ocrx_word' id='word_1_37' title='bbox 270 681 307 720; x_wconf 91' lang='lat' dir='ltr'>ne</span> <span class='ocrx_word' id='word_1_38' title='bbox 326 663 380 720; x_wconf 90' lang='lat' dir='ltr'>hoc</span> <span class='ocrx_word' id='word_1_39' title='bbox 399 664 515 736; x_wconf 89' lang='lat' dir='ltr'>quidem</span> <span class='ocrx_word' id='word_1_40' title='bbox 533 665 715 737; x_wconf 83' lang='lat' dir='ltr'>intelligilis,</span> <span class='ocrx_word' id='word_1_41' title='bbox 729 665 805 724; x_wconf 88' lang='lat' dir='ltr'>mala</span> <span class='ocrx_word' id='word_1_42' title='bbox 817 667 947 740; x_wconf 82' lang='lat' dir='ltr'>exempla</span> <span class='ocrx_word' id='word_1_43' title='bbox 968 667 998 724; x_wconf 89' lang='lat' dir='ltr'>in</span> <span class='ocrx_word' id='word_1_44' title='bbox 1017 680 1068 728; x_wconf 71' lang='grc' dir='ltr'>θοι</span> 
     </span>
     <span class='ocr_line' id='line_1_7' title="bbox 137 743 1066 818; baseline 0.003 -16"><span class='ocrx_word' id='word_1_45' title='bbox 137 746 298 802; x_wconf 86' lang='lat' dir='ltr'>redundare</span> <span class='ocrx_word' id='word_1_46' title='bbox 317 745 367 816; x_wconf 87' lang='lat' dir='ltr'>qui</span> <span class='ocrx_word' id='word_1_47' title='bbox 389 743 518 802; x_wconf 79' lang='lat' dir='ltr'>iaciunt?</span> <span class='ocrx_word' id='word_1_48' title='bbox 537 745 620 817; x_wconf 77' lang='lat' dir='ltr'>Agite</span> <span class='ocrx_word' id='word_1_49' title='bbox 639 746 696 803; x_wconf 87' lang='lat' dir='ltr'>diis</span> <span class='ocrx_word' id='word_1_50' title='bbox 713 745 926 804; x_wconf 78' lang='lat' dir='ltr'>immortalibus</span> <span class='ocrx_word' id='word_1_51' title='bbox 940 747 1066 818; x_wconf 82' lang='lat' dir='ltr'>gratias,</span> 
     </span>
     <span class='ocr_line' id='line_1_8' title="bbox 138 823 1065 901; baseline 0.003 -18"><span class='ocrx_word' id='word_1_52' title='bbox 138 827 293 898; x_wconf 84' lang='lat' dir='ltr'>quodcum</span> <span class='ocrx_word' id='word_1_53' title='bbox 307 823 417 882; x_wconf 88' lang='lat' dir='ltr'>docetis</span> <span class='ocrx_word' id='word_1_54' title='bbox 432 841 499 883; x_wconf 88' lang='lat' dir='ltr'>esse</span> <span class='ocrx_word' id='word_1_55' title='bbox 513 826 668 896; x_wconf 87' lang='lat' dir='ltr'>crudelem,</span> <span class='ocrx_word' id='word_1_56' title='bbox 686 826 801 898; x_wconf 88' lang='lat' dir='ltr'>quinon</span> <span class='ocrx_word' id='word_1_57' title='bbox 814 827 908 901; x_wconf 88' lang='lat' dir='ltr'>potest</span> <span class='ocrx_word' id='word_1_58' title='bbox 919 825 1030 883; x_wconf 85' lang='lat' dir='ltr'>discere</span> <span class='ocrx_word' id='word_1_59' title='bbox 1043 826 1065 886; x_wconf 82' lang='lat'>¹.</span> 
     </span>
    </p>

    <p class='ocr_par' dir='ltr' id='par_1_4' title="bbox 134 903 1068 1855">
     <span class='ocr_line' id='line_1_9' title="bbox 172 903 1067 980; baseline -0.001 -16"><span class='ocrx_word' id='word_1_60' title='bbox 172 903 385 964; x_wconf 85' lang='lat' dir='ltr'>Subducendus</span> <span class='ocrx_word' id='word_1_61' title='bbox 400 904 506 980; x_wconf 91' lang='lat' dir='ltr'>populo</span> <span class='ocrx_word' id='word_1_62' title='bbox 522 906 567 962; x_wconf 90' lang='lat' dir='ltr'>est</span> <span class='ocrx_word' id='word_1_63' title='bbox 582 907 662 962; x_wconf 90' lang='lat' dir='ltr'>tener</span> <span class='ocrx_word' id='word_1_64' title='bbox 675 907 804 975; x_wconf 80' lang='lat' dir='ltr'>animus,</span> <span class='ocrx_word' id='word_1_65' title='bbox 819 907 848 963; x_wconf 91' lang='lat' dir='ltr'>et</span> <span class='ocrx_word' id='word_1_66' title='bbox 865 922 966 980; x_wconf 91' lang='lat' dir='ltr'>parum</span> <span class='ocrx_word' id='word_1_67' title='bbox 981 908 1067 964; x_wconf 80' lang='lat' dir='ltr'>tenax</span> 
     </span>
     <span class='ocr_line' id='line_1_10' title="bbox 136 984 1067 1060; baseline 0.001 -19"><span class='ocrx_word' id='word_1_68' title='bbox 136 987 230 1043; x_wconf 89' lang='lat' dir='ltr'>recti:</span> <span class='ocrx_word' id='word_1_69' title='bbox 255 985 342 1042; x_wconf 80' lang='lat' dir='ltr'>facile</span> <span class='ocrx_word' id='word_1_70' title='bbox 353 985 492 1043; x_wconf 87' lang='lat' dir='ltr'>transitur</span> <span class='ocrx_word' id='word_1_71' title='bbox 506 985 542 1042; x_wconf 91' lang='lat' dir='ltr'>ad</span> <span class='ocrx_word' id='word_1_72' title='bbox 561 986 660 1060; x_wconf 90' lang='lat' dir='ltr'>plures</span> <span class='ocrx_word' id='word_1_73' title='bbox 669 987 690 1042; x_wconf 78' lang='lat'>².</span> <span class='ocrx_word' id='word_1_74' title='bbox 706 984 826 1056; x_wconf 84' lang='lat' dir='ltr'>Socrati,</span> <span class='ocrx_word' id='word_1_75' title='bbox 848 987 877 1041; x_wconf 94' lang='lat' dir='ltr'>et</span> <span class='ocrx_word' id='word_1_76' title='bbox 898 986 1016 1056; x_wconf 88' lang='lat' dir='ltr'>Catoni,</span> <span class='ocrx_word' id='word_1_77' title='bbox 1036 986 1067 1043; x_wconf 88' lang='lat' dir='ltr'>et</span> 
     </span>
     <span class='ocr_line' id='line_1_11' title="bbox 136 1064 1067 1140; baseline 0.001 -18"><span class='ocrx_word' id='word_1_78' title='bbox 136 1065 242 1122; x_wconf 83' lang='lat' dir='ltr'>Laelio³</span> <span class='ocrx_word' id='word_1_79' title='bbox 264 1065 397 1122; x_wconf 82' lang='lat' dir='ltr'>excutere</span> <span class='ocrx_word' id='word_1_80' title='bbox 420 1081 528 1124; x_wconf 89' lang='lat' dir='ltr'>morem</span> <span class='ocrx_word' id='word_1_81' title='bbox 555 1083 640 1124; x_wconf 91' lang='lat' dir='ltr'>suum</span> <span class='ocrx_word' id='word_1_82' title='bbox 662 1064 816 1123; x_wconf 89' lang='lat' dir='ltr'>dissimilis</span> <span class='ocrx_word' id='word_1_83' title='bbox 839 1064 994 1123; x_wconf 91' lang='lat' dir='ltr'>multitudo</span> <span class='ocrx_word' id='word_1_84' title='bbox 1017 1081 1067 1140; x_wconf 92' lang='lat' dir='ltr'>po-</span> 
     </span>
     <span class='ocr_line' id='line_1_12' title="bbox 135 1145 1066 1218; baseline 0.001 -15"><span class='ocrx_word' id='word_1_85' title='bbox 135 1145 270 1203; x_wconf 89' lang='lat' dir='ltr'>tuisset:</span> <span class='ocrx_word' id='word_1_86' title='bbox 298 1145 369 1204; x_wconf 88' lang='lat' dir='ltr'>adeo</span> <span class='ocrx_word' id='word_1_87' title='bbox 389 1162 474 1203; x_wconf 92' lang='lat' dir='ltr'>nemo</span> <span class='ocrx_word' id='word_1_88' title='bbox 501 1147 647 1216; x_wconf 90' lang='lat' dir='ltr'>nostrum,</span> <span class='ocrx_word' id='word_1_89' title='bbox 673 1147 722 1218; x_wconf 91' lang='lat' dir='ltr'>qui</span> <span class='ocrx_word' id='word_1_90' title='bbox 743 1162 832 1218; x_wconf 89' lang='lat' dir='ltr'>quum</span> <span class='ocrx_word' id='word_1_91' title='bbox 853 1146 977 1203; x_wconf 79' lang='lat' dir='ltr'>menime</span> <span class='ocrx_word' id='word_1_92' title='bbox 1001 1161 1066 1204; x_wconf 89' lang='lat' dir='ltr'>con-</span> 
     </span>
     <span class='ocr_line' id='line_1_13' title="bbox 136 1225 1063 1300; baseline 0.002 -18"><span class='ocrx_word' id='word_1_93' title='bbox 136 1225 289 1282; x_wconf 90' lang='lat' dir='ltr'>cinnamus</span> <span class='ocrx_word' id='word_1_94' title='bbox 306 1225 454 1297; x_wconf 84' lang='lat' dir='ltr'>ingenium</span> <span class='ocrx_word' id='word_1_95' title='bbox 463 1225 484 1296; x_wconf 88' lang='lat'>⁴,</span> <span class='ocrx_word' id='word_1_96' title='bbox 505 1225 578 1284; x_wconf 81' lang='lat' dir='ltr'>ferre</span> <span class='ocrx_word' id='word_1_97' title='bbox 590 1227 727 1300; x_wconf 90' lang='lat' dir='ltr'>impetum</span> <span class='ocrx_word' id='word_1_98' title='bbox 742 1225 877 1284; x_wconf 82' lang='lat' dir='ltr'>vitiorum</span> <span class='ocrx_word' id='word_1_99' title='bbox 892 1229 950 1283; x_wconf 91' lang='lat' dir='ltr'>tam</span> <span class='ocrx_word' id='word_1_100' title='bbox 962 1241 1063 1299; x_wconf 84' lang='lat' dir='ltr'>magno</span> 
     </span>
     <span class='ocr_line' id='line_1_14' title="bbox 136 1304 1066 1381; baseline -0.001 -18"><span class='ocrx_word' id='word_1_101' title='bbox 136 1305 275 1363; x_wconf 86' lang='lat' dir='ltr'>comitatu</span> <span class='ocrx_word' id='word_1_102' title='bbox 304 1304 483 1363; x_wconf 86' lang='lat' dir='ltr'>venientium</span> <span class='ocrx_word' id='word_1_103' title='bbox 504 1308 607 1381; x_wconf 90' lang='lat' dir='ltr'>potest.</span> <span class='ocrx_word' id='word_1_104' title='bbox 634 1309 727 1364; x_wconf 90' lang='lat' dir='ltr'>Unum</span> <span class='ocrx_word' id='word_1_105' title='bbox 752 1306 915 1378; x_wconf 87' lang='lat' dir='ltr'>exemplum</span> <span class='ocrx_word' id='word_1_106' title='bbox 944 1305 1066 1364; x_wconf 79' lang='lat' dir='ltr'>luxuriae</span> 
     </span>
     <span class='ocr_line' id='line_1_15' title="bbox 135 1384 1068 1460; baseline 0 -18"><span class='ocrx_word' id='word_1_107' title='bbox 135 1386 185 1442; x_wconf 89' lang='lat' dir='ltr'>aut</span> <span class='ocrx_word' id='word_1_108' title='bbox 204 1385 335 1442; x_wconf 86' lang='lat' dir='ltr'>avaritiae</span> <span class='ocrx_word' id='word_1_109' title='bbox 348 1386 471 1442; x_wconf 91' lang='lat' dir='ltr'>multum</span> <span class='ocrx_word' id='word_1_110' title='bbox 486 1385 555 1442; x_wconf 90' lang='lat' dir='ltr'>mali</span> <span class='ocrx_word' id='word_1_111' title='bbox 569 1385 638 1442; x_wconf 82' lang='lat' dir='ltr'>iecit</span> <span class='ocrx_word' id='word_1_112' title='bbox 651 1406 658 1442; x_wconf 75' lang='grc' dir='ltr'>ι</span> <span class='ocrx_word' id='word_1_113' title='bbox 672 1384 988 1443; x_wconf 80' lang='lat' dir='ltr'>convictor⁵delicatus</span> <span class='ocrx_word' id='word_1_114' title='bbox 999 1401 1068 1460; x_wconf 90' lang='lat' dir='ltr'>pau·</span> 
     </span>
     <span class='ocr_line' id='line_1_16' title="bbox 134 1462 1064 1537; baseline 0 -17"><span class='ocrx_word' id='word_1_115' title='bbox 134 1462 218 1522; x_wconf 86' lang='lat' dir='ltr'>latim</span> <span class='ocrx_word' id='word_1_116' title='bbox 234 1464 348 1520; x_wconf 84' lang='lat' dir='ltr'>enervat</span> <span class='ocrx_word' id='word_1_117' title='bbox 364 1466 393 1521; x_wconf 91' lang='lat' dir='ltr'>et</span> <span class='ocrx_word' id='word_1_118' title='bbox 406 1463 516 1534; x_wconf 90' lang='lat' dir='ltr'>mollit;</span> <span class='ocrx_word' id='word_1_119' title='bbox 532 1465 645 1522; x_wconf 85' lang='lat' dir='ltr'>vicinus</span> <span class='ocrx_word' id='word_1_120' title='bbox 657 1464 738 1521; x_wconf 87' lang='lat' dir='ltr'>dives</span> <span class='ocrx_word' id='word_1_121' title='bbox 751 1463 938 1537; x_wconf 75' lang='lat' dir='ltr'>cupiditatem</span> <span class='ocrx_word' id='word_1_122' title='bbox 955 1465 1064 1536; x_wconf 89' lang='lat' dir='ltr'>irritat;</span> 
     </span>
     <span class='ocr_line' id='line_1_17' title="bbox 135 1543 1065 1619; baseline 0.002 -19"><span class='ocrx_word' id='word_1_123' title='bbox 135 1544 281 1615; x_wconf 81' lang='lat' dir='ltr'>malignus</span> <span class='ocrx_word' id='word_1_124' title='bbox 305 1558 400 1600; x_wconf 88' lang='lat' dir='ltr'>comes</span> <span class='ocrx_word' id='word_1_125' title='bbox 415 1544 546 1616; x_wconf 83' lang='lat' dir='ltr'>quamvis</span> <span class='ocrx_word' id='word_1_126' title='bbox 564 1543 685 1601; x_wconf 89' lang='lat' dir='ltr'>candido</span> <span class='ocrx_word' id='word_1_127' title='bbox 709 1545 738 1602; x_wconf 94' lang='lat' dir='ltr'>et</span> <span class='ocrx_word' id='word_1_128' title='bbox 757 1543 884 1619; x_wconf 83' lang='lat' dir='ltr'>simplici</span> <span class='ocrx_word' id='word_1_129' title='bbox 904 1544 1065 1616; x_wconf 81' lang='lat' dir='ltr'>rubiginem</span> 
     </span>
     <span class='ocr_line' id='line_1_18' title="bbox 136 1623 1066 1696; baseline 0.001 -15"><span class='ocrx_word' id='word_1_130' title='bbox 136 1640 219 1682; x_wconf 90' lang='lat' dir='ltr'>suam</span> <span class='ocrx_word' id='word_1_131' title='bbox 232 1623 387 1680; x_wconf 81' lang='lat' dir='ltr'>adlricuit⁰</span> <span class='ocrx_word' id='word_1_132' title='bbox 400 1643 406 1680; x_wconf 96' lang='lat'><strong>:</strong></span> <span class='ocrx_word' id='word_1_133' title='bbox 421 1623 489 1696; x_wconf 87' lang='lat' dir='ltr'>quid</span> <span class='ocrx_word' id='word_1_134' title='bbox 503 1625 534 1680; x_wconf 91' lang='lat' dir='ltr'>tu</span> <span class='ocrx_word' id='word_1_135' title='bbox 547 1624 677 1681; x_wconf 90' lang='lat' dir='ltr'>accidere</span> <span class='ocrx_word' id='word_1_136' title='bbox 690 1625 738 1681; x_wconf 90' lang='lat' dir='ltr'>his</span> <span class='ocrx_word' id='word_1_137' title='bbox 759 1624 887 1686; x_wconf 88' lang='lat' dir='ltr'>moribus</span> <span class='ocrx_word' id='word_1_138' title='bbox 903 1625 1014 1694; x_wconf 91' lang='lat' dir='ltr'>credis,</span> <span class='ocrx_word' id='word_1_139' title='bbox 1034 1624 1066 1682; x_wconf 92' lang='lat' dir='ltr'>in</span> 
     </span>
     <span class='ocr_line' id='line_1_19' title="bbox 135 1702 1066 1777; baseline 0.002 -17"><span class='ocrx_word' id='word_1_140' title='bbox 135 1719 207 1776; x_wconf 89' lang='lat' dir='ltr'>quos</span> <span class='ocrx_word' id='word_1_141' title='bbox 231 1702 347 1777; x_wconf 90' lang='lat' dir='ltr'>publice</span> <span class='ocrx_word' id='word_1_142' title='bbox 368 1704 459 1761; x_wconf 88' lang='lat' dir='ltr'>lactus</span> <span class='ocrx_word' id='word_1_143' title='bbox 482 1705 526 1760; x_wconf 89' lang='lat' dir='ltr'>est</span> <span class='ocrx_word' id='word_1_144' title='bbox 547 1704 694 1777; x_wconf 74' lang='lat' dir='ltr'>impetus?</span> <span class='ocrx_word' id='word_1_145' title='bbox 715 1707 840 1760; x_wconf 86' lang='lat' dir='ltr'>Necesse</span> <span class='ocrx_word' id='word_1_146' title='bbox 864 1706 978 1770; x_wconf 83' lang='lat' dir='ltr'>estant</span> <span class='ocrx_word' id='word_1_147' title='bbox 1000 1704 1066 1762; x_wconf 89' lang='lat' dir='ltr'>imi-</span> 
     </span>
     <span class='ocr_line' id='line_1_20' title="bbox 134 1781 1063 1855; baseline 0.004 -15"><span class='ocrx_word' id='word_1_148' title='bbox 134 1783 206 1840; x_wconf 84' lang='lat' dir='ltr'>teris</span> <span class='ocrx_word' id='word_1_149' title='bbox 239 1784 289 1839; x_wconf 88' lang='lat' dir='ltr'>aut</span> <span class='ocrx_word' id='word_1_150' title='bbox 319 1783 424 1840; x_wconf 90' lang='lat' dir='ltr'>oderis.</span> <span class='ocrx_word' id='word_1_151' title='bbox 455 1785 614 1855; x_wconf 86' lang='lat' dir='ltr'>Utrumque</span> <span class='ocrx_word' id='word_1_152' title='bbox 644 1783 741 1840; x_wconf 86' lang='lat' dir='ltr'>autem</span> <span class='ocrx_word' id='word_1_153' title='bbox 771 1781 956 1840; x_wconf 85' lang='lat' dir='ltr'>devitandum</span> <span class='ocrx_word' id='word_1_154' title='bbox 986 1783 1063 1844; x_wconf 83' lang='lat' dir='ltr'>est:</span> 
     </span>
    </p>
   </div>
   <div class='ocr_carea' id='block_1_3' title="bbox 135 1861 1064 2256">
    <p class='ocr_par' dir='ltr' id='par_1_5' title="bbox 135 1861 1064 2256">
     <span class='ocr_line' id='line_1_21' title="bbox 135 1861 1064 1935; baseline -0.001 -14"><span class='ocrx_word' id='word_1_155' title='bbox 135 1879 207 1921; x_wconf 86' lang='lat' dir='ltr'>neve</span> <span class='ocrx_word' id='word_1_156' title='bbox 228 1863 335 1919; x_wconf 89' lang='lat' dir='ltr'>similis</span> <span class='ocrx_word' id='word_1_157' title='bbox 359 1862 444 1920; x_wconf 89' lang='lat' dir='ltr'>malis</span> <span class='ocrx_word' id='word_1_158' title='bbox 465 1861 534 1933; x_wconf 84' lang='lat' dir='ltr'>iias,</span> <span class='ocrx_word' id='word_1_159' title='bbox 554 1865 620 1935; x_wconf 89' lang='lat' dir='ltr'>quia</span> <span class='ocrx_word' id='word_1_160' title='bbox 635 1861 820 1932; x_wconf 88' lang='lat' dir='ltr'>multisunt,</span> <span class='ocrx_word' id='word_1_161' title='bbox 840 1878 912 1920; x_wconf 77' lang='lat' dir='ltr'>nere</span> <span class='ocrx_word' id='word_1_162' title='bbox 926 1862 1064 1920; x_wconf 91' lang='lat' dir='ltr'>inimicus</span> 
     </span>
     <span class='ocr_line' id='line_1_22' title="bbox 135 1941 1064 2016; baseline -0.001 -16"><span class='ocrx_word' id='word_1_163' title='bbox 135 1943 251 2012; x_wconf 87' lang='lat' dir='ltr'>multis,</span> <span class='ocrx_word' id='word_1_164' title='bbox 273 1942 340 2014; x_wconf 90' lang='lat' dir='ltr'>quia</span> <span class='ocrx_word' id='word_1_165' title='bbox 354 1941 512 2000; x_wconf 87' lang='lat' dir='ltr'>dissimiles</span> <span class='ocrx_word' id='word_1_166' title='bbox 527 1943 603 2001; x_wconf 85' lang='lat' dir='ltr'>sunt.</span> <span class='ocrx_word' id='word_1_167' title='bbox 623 1941 733 2000; x_wconf 86' lang='lat' dir='ltr'>Recede</span> <span class='ocrx_word' id='word_1_168' title='bbox 747 1942 777 1999; x_wconf 90' lang='lat' dir='ltr'>in</span> <span class='ocrx_word' id='word_1_169' title='bbox 796 1942 826 1999; x_wconf 91' lang='lat' dir='ltr'>te</span> <span class='ocrx_word' id='word_1_170' title='bbox 844 1941 906 2016; x_wconf 87' lang='lat' dir='ltr'>ipse</span> <span class='ocrx_word' id='word_1_171' title='bbox 924 1944 1064 2015; x_wconf 89' lang='lat' dir='ltr'>quantum</span> 
     </span>
     <span class='ocr_line' id='line_1_23' title="bbox 135 2021 1062 2097; baseline -0.002 -17"><span class='ocrx_word' id='word_1_172' title='bbox 135 2024 234 2097; x_wconf 89' lang='lat' dir='ltr'>potes;</span> <span class='ocrx_word' id='word_1_173' title='bbox 256 2038 321 2078; x_wconf 92' lang='lat' dir='ltr'>cum</span> <span class='ocrx_word' id='word_1_174' title='bbox 341 2022 387 2078; x_wconf 86' lang='lat' dir='ltr'>his</span> <span class='ocrx_word' id='word_1_175' title='bbox 411 2037 544 2092; x_wconf 82' lang='lat' dir='ltr'>versare,</span> <span class='ocrx_word' id='word_1_176' title='bbox 564 2023 615 2094; x_wconf 89' lang='lat' dir='ltr'>qui</span> <span class='ocrx_word' id='word_1_177' title='bbox 639 2023 667 2078; x_wconf 90' lang='lat' dir='ltr'>te</span> <span class='ocrx_word' id='word_1_178' title='bbox 687 2021 836 2079; x_wconf 92' lang='lat' dir='ltr'>meliorem</span> <span class='ocrx_word' id='word_1_179' title='bbox 857 2023 960 2079; x_wconf 86' lang='lat' dir='ltr'>facturi</span> <span class='ocrx_word' id='word_1_180' title='bbox 977 2023 1062 2092; x_wconf 90' lang='lat' dir='ltr'>sunt;</span> 
     </span>
     <span class='ocr_line' id='line_1_24' title="bbox 135 2101 1064 2176; baseline 0.001 -17"><span class='ocrx_word' id='word_1_181' title='bbox 135 2103 203 2160; x_wconf 87' lang='lat' dir='ltr'>illos</span> <span class='ocrx_word' id='word_1_182' title='bbox 218 2102 351 2172; x_wconf 84' lang='lat' dir='ltr'>admitte,</span> <span class='ocrx_word' id='word_1_183' title='bbox 374 2118 445 2175; x_wconf 87' lang='lat' dir='ltr'>quos</span> <span class='ocrx_word' id='word_1_184' title='bbox 464 2105 497 2159; x_wconf 89' lang='lat' dir='ltr'>tu</span> <span class='ocrx_word' id='word_1_185' title='bbox 521 2103 603 2176; x_wconf 89' lang='lat' dir='ltr'>potes</span> <span class='ocrx_word' id='word_1_186' title='bbox 621 2101 715 2160; x_wconf 84' lang='lat' dir='ltr'>iacere</span> <span class='ocrx_word' id='word_1_187' title='bbox 732 2101 876 2160; x_wconf 87' lang='lat' dir='ltr'>meliores.</span> <span class='ocrx_word' id='word_1_188' title='bbox 893 2104 991 2161; x_wconf 84' lang='lat' dir='ltr'>Mutuo</span> <span class='ocrx_word' id='word_1_189' title='bbox 1006 2102 1064 2160; x_wconf 89' lang='lat' dir='ltr'>ista</span> 
     </span>
     <span class='ocr_line' id='line_1_25' title="bbox 135 2181 1063 2256; baseline -0.001 -18"><span class='ocrx_word' id='word_1_190' title='bbox 135 2181 246 2250; x_wconf 81' lang='lat' dir='ltr'>liuut⁷;</span> <span class='ocrx_word' id='word_1_191' title='bbox 268 2182 297 2239; x_wconf 91' lang='lat' dir='ltr'>et</span> <span class='ocrx_word' id='word_1_192' title='bbox 317 2182 465 2252; x_wconf 89' lang='lat' dir='ltr'>homines,</span> <span class='ocrx_word' id='word_1_193' title='bbox 487 2181 557 2238; x_wconf 92' lang='lat' dir='ltr'>dum</span> <span class='ocrx_word' id='word_1_194' title='bbox 571 2181 689 2252; x_wconf 84' lang='lat' dir='ltr'>docent,</span> <span class='ocrx_word' id='word_1_195' title='bbox 706 2182 832 2240; x_wconf 87' lang='lat' dir='ltr'>discunt.</span> <span class='ocrx_word' id='word_1_196' title='bbox 852 2185 913 2240; x_wconf 90' lang='lat' dir='ltr'>Non</span> <span class='ocrx_word' id='word_1_197' title='bbox 928 2183 973 2240; x_wconf 88' lang='lat' dir='ltr'>est</span> <span class='ocrx_word' id='word_1_198' title='bbox 988 2182 1063 2256; x_wconf 88' lang='lat' dir='ltr'>quod</span> 
     </span>
    </p>
   </div>
   <div class='ocr_carea' id='block_1_4' title="bbox 130 2377 1065 3370">
    <p class='ocr_par' dir='ltr' id='par_1_6' title="bbox 131 2377 1065 2934">
     <span class='ocr_line' id='line_1_26' title="bbox 164 2377 1065 2436; baseline 0.003 -9"><span class='ocrx_word' id='word_1_199' title='bbox 164 2377 173 2410; x_wconf 89' lang='lat'><strong>¹</strong></span> <span class='ocrx_word' id='word_1_200' title='bbox 188 2386 295 2428; x_wconf 76' lang='lat' dir='ltr'>Alluslon</span> <span class='ocrx_word' id='word_1_201' title='bbox 305 2384 432 2436; x_wconf 82' lang='lat' dir='ltr'>probablell</span> <span class='ocrx_word' id='word_1_202' title='bbox 440 2385 524 2436; x_wconf 77' lang='lat' dir='ltr'>lidron,</span> <span class='ocrx_word' id='word_1_203' title='bbox 531 2385 586 2428; x_wconf 80' lang='lat' dir='ltr'>mais</span> <span class='ocrx_word' id='word_1_204' title='bbox 614 2382 874 2436; x_wconf 74' lang='lat' dir='ltr'>nae11u1(1sa-1ot),qu1</span> <span class='ocrx_word' id='word_1_205' title='bbox 885 2385 970 2430; x_wconf 79' lang='lat' dir='ltr'>merita</span> <span class='ocrx_word' id='word_1_206' title='bbox 978 2389 1000 2429; x_wconf 87' lang='lat' dir='ltr'>lo</span> <span class='ocrx_word' id='word_1_207' title='bbox 1007 2383 1065 2430; x_wconf 71' lang='lat' dir='ltr'>otro?</span> 
     </span>
     <span class='ocr_line' id='line_1_27' title="bbox 134 2447 1064 2498; baseline 0.001 -8"><span class='ocrx_word' id='word_1_208' title='bbox 134 2450 234 2490; x_wconf 77' lang='lat' dir='ltr'>nlluslon</span> <span class='ocrx_word' id='word_1_209' title='bbox 247 2447 358 2498; x_wconf 76' lang='lat' dir='ltr'>ambigna.</span> <span class='ocrx_word' id='word_1_210' title='bbox 368 2448 465 2490; x_wconf 78' lang='lat' dir='ltr'>veut-11</span> <span class='ocrx_word' id='word_1_211' title='bbox 480 2449 530 2490; x_wconf 86' lang='lat' dir='ltr'>dire</span> <span class='ocrx_word' id='word_1_212' title='bbox 542 2457 586 2498; x_wconf 82' lang='lat' dir='ltr'>qno</span> <span class='ocrx_word' id='word_1_213' title='bbox 613 2450 641 2490; x_wconf 89' lang='lat' dir='ltr'>de</span> <span class='ocrx_word' id='word_1_214' title='bbox 655 2450 762 2498; x_wconf 73' lang='lat' dir='ltr'>somene,</span> <span class='ocrx_word' id='word_1_215' title='bbox 776 2449 801 2489; x_wconf 89' lang='lat' dir='ltr'>et</span> <span class='ocrx_word' id='word_1_216' title='bbox 815 2448 874 2489; x_wconf 84' lang='lat' dir='ltr'>dont</span> <span class='ocrx_word' id='word_1_217' title='bbox 886 2448 978 2490; x_wconf 75' lang='lat' dir='ltr'>(listron</span> <span class='ocrx_word' id='word_1_218' title='bbox 992 2459 1008 2490; x_wconf 79' lang='lat' dir='ltr'>a</span> <span class='ocrx_word' id='word_1_219' title='bbox 1019 2449 1064 2491; x_wconf 85' lang='lat' dir='ltr'>tait</span> 
     </span>
     <span class='ocr_line' id='line_1_28' title="bbox 132 2508 1063 2562; baseline -0.003 -9"><span class='ocrx_word' id='word_1_220' title='bbox 132 2509 210 2554; x_wconf 72' lang='lat' dir='ltr'>lidron</span> <span class='ocrx_word' id='word_1_221' title='bbox 223 2511 260 2552; x_wconf 82' lang='lat' dir='ltr'>n&#39;n</span> <span class='ocrx_word' id='word_1_222' title='bbox 268 2511 319 2562; x_wconf 87' lang='lat' dir='ltr'>plus</span> <span class='ocrx_word' id='word_1_223' title='bbox 329 2509 380 2552; x_wconf 85' lang='lat' dir='ltr'>rien</span> <span class='ocrx_word' id='word_1_224' title='bbox 393 2508 407 2552; x_wconf 75' lang='lat' dir='ltr'>b</span> <span class='ocrx_word' id='word_1_225' title='bbox 421 2511 586 2561; x_wconf 80' lang='lat' dir='ltr'>apprendroen</span> <span class='ocrx_word' id='word_1_226' title='bbox 613 2521 645 2552; x_wconf 88' lang='lat' dir='ltr'>un</span> <span class='ocrx_word' id='word_1_227' title='bbox 660 2512 700 2552; x_wconf 86' lang='lat' dir='ltr'>des</span> <span class='ocrx_word' id='word_1_228' title='bbox 713 2510 890 2552; x_wconf 84' lang='lat' dir='ltr'>interlocuteurs</span> <span class='ocrx_word' id='word_1_229' title='bbox 903 2511 933 2552; x_wconf 87' lang='lat' dir='ltr'>du</span> <span class='ocrx_word' id='word_1_230' title='bbox 948 2512 980 2552; x_wconf 85' lang='lat' dir='ltr'>De</span> <span class='ocrx_word' id='word_1_231' title='bbox 996 2510 1063 2552; x_wconf 77' lang='lat' dir='ltr'>Atrat-</span> 
     </span>
     <span class='ocr_line' id='line_1_29' title="bbox 132 2571 1063 2632; baseline 0.001 -18"><span class='ocrx_word' id='word_1_232' title='bbox 132 2573 178 2616; x_wconf 76' lang='lat' dir='ltr'>init</span> <span class='ocrx_word' id='word_1_233' title='bbox 191 2573 220 2615; x_wconf 88' lang='lat' dir='ltr'>de</span> <span class='ocrx_word' id='word_1_234' title='bbox 233 2571 345 2624; x_wconf 75' lang='lat' dir='ltr'>ornantes,</span> <span class='ocrx_word' id='word_1_235' title='bbox 359 2581 390 2614; x_wconf 92' lang='lat' dir='ltr'>ou</span> <span class='ocrx_word' id='word_1_236' title='bbox 402 2582 445 2623; x_wconf 87' lang='lat' dir='ltr'>que</span> <span class='ocrx_word' id='word_1_237' title='bbox 460 2572 537 2615; x_wconf 69' lang='lat' dir='ltr'>Heron</span> <span class='ocrx_word' id='word_1_238' title='bbox 551 2575 586 2614; x_wconf 83' lang='lat' dir='ltr'>est</span> <span class='ocrx_word' id='word_1_239' title='bbox 612 2573 676 2621; x_wconf 82' lang='lat' dir='ltr'>cttta,</span> <span class='ocrx_word' id='word_1_240' title='bbox 684 2573 716 2614; x_wconf 88' lang='lat' dir='ltr'>dn</span> <span class='ocrx_word' id='word_1_241' title='bbox 726 2573 758 2612; x_wconf 84' lang='lat' dir='ltr'>De</span> <span class='ocrx_word' id='word_1_242' title='bbox 769 2573 883 2632; x_wconf 61' lang='lat' dir='ltr'>senectute</span> <span class='ocrx_word' id='word_1_243' title='bbox 894 2573 919 2614; x_wconf 83' lang='lat' dir='ltr'>et</span> <span class='ocrx_word' id='word_1_244' title='bbox 932 2573 965 2614; x_wconf 92' lang='lat' dir='ltr'>du</span> <span class='ocrx_word' id='word_1_245' title='bbox 975 2573 1007 2614; x_wconf 84' lang='lat' dir='ltr'>De</span> <span class='ocrx_word' id='word_1_246' title='bbox 1018 2573 1063 2616; x_wconf 78' lang='lat' dir='ltr'>Ite·</span> 
     </span>
     <span class='ocr_line' id='line_1_30' title="bbox 132 2635 712 2686; baseline 0 -10"><span class='ocrx_word' id='word_1_247' title='bbox 132 2635 252 2686; x_wconf 84' lang='lat' dir='ltr'>lncapnhle</span> <span class='ocrx_word' id='word_1_248' title='bbox 266 2635 418 2685; x_wconf 80' lang='lat' dir='ltr'>d’apprendre</span> <span class='ocrx_word' id='word_1_249' title='bbox 435 2635 585 2676; x_wconf 75' lang='lat' dir='ltr'>incruente?</span> <span class='ocrx_word' id='word_1_250' title='bbox 609 2635 712 2685; x_wconf 77' lang='lat' dir='ltr'>publica.</span> 
     </span>
     <span class='ocr_line' id='line_1_31' title="bbox 134 2688 1063 2748; baseline 0.002 -10"><span class='ocrx_word' id='word_1_251' title='bbox 134 2717 162 2727; x_wconf 90' lang='lat'>-</span> <span class='ocrx_word' id='word_1_252' title='bbox 178 2698 210 2738; x_wconf 79' lang='lat' dir='ltr'>Le</span> <span class='ocrx_word' id='word_1_253' title='bbox 220 2698 321 2748; x_wconf 86' lang='lat' dir='ltr'>premier</span> <span class='ocrx_word' id='word_1_254' title='bbox 330 2706 381 2739; x_wconf 87' lang='lat' dir='ltr'>sens</span> <span class='ocrx_word' id='word_1_255' title='bbox 394 2697 429 2739; x_wconf 85' lang='lat' dir='ltr'>est</span> <span class='ocrx_word' id='word_1_256' title='bbox 439 2699 492 2747; x_wconf 88' lang='lat' dir='ltr'>plus</span> <span class='ocrx_word' id='word_1_257' title='bbox 503 2697 585 2738; x_wconf 82' lang='lat' dir='ltr'>admis-</span> <span class='ocrx_word' id='word_1_258' title='bbox 643 2688 655 2720; x_wconf 76' lang='lat'><em>⁴</em></span> <span class='ocrx_word' id='word_1_259' title='bbox 673 2697 717 2743; x_wconf 74' lang='lat' dir='ltr'>cut</span> <span class='ocrx_word' id='word_1_260' title='bbox 730 2705 804 2746; x_wconf 78' lang='lat' dir='ltr'>quom</span> <span class='ocrx_word' id='word_1_261' title='bbox 819 2697 923 2738; x_wconf 64' lang='lat' dir='ltr'>momine</span> <span class='ocrx_word' id='word_1_262' title='bbox 940 2699 1063 2740; x_wconf 71' lang='grc' dir='ltr'>θοῖιιιιιιια·</span> 
     </span>
     <span class='ocr_line' id='line_1_32' title="bbox 131 2757 1065 2810; baseline 0 -9"><span class='ocrx_word' id='word_1_263' title='bbox 131 2758 189 2801; x_wconf 76' lang='lat' dir='ltr'>niblo</span> <span class='ocrx_word' id='word_1_264' title='bbox 207 2769 252 2810; x_wconf 88' lang='lat' dir='ltr'>que</span> <span class='ocrx_word' id='word_1_265' title='bbox 273 2759 295 2800; x_wconf 88' lang='lat' dir='ltr'>le</span> <span class='ocrx_word' id='word_1_266' title='bbox 315 2758 435 2810; x_wconf 57' lang='lat' dir='ltr'>seconde</span> <span class='ocrx_word' id='word_1_267' title='bbox 451 2761 526 2801; x_wconf 82' lang='lat' dir='ltr'>moins</span> <span class='ocrx_word' id='word_1_268' title='bbox 540 2768 585 2810; x_wconf 84' lang='lat' dir='ltr'>que</span> <span class='ocrx_word' id='word_1_269' title='bbox 612 2768 666 2800; x_wconf 78' lang='lat' dir='ltr'>mue</span> <span class='ocrx_word' id='word_1_270' title='bbox 685 2759 820 2810; x_wconf 68' lang='lat' dir='ltr'>tacentum,</span> <span class='ocrx_word' id='word_1_271' title='bbox 841 2757 911 2807; x_wconf 70' lang='lat' dir='ltr'>unul</span> <span class='ocrx_word' id='word_1_272' title='bbox 927 2759 1065 2802; x_wconf 76' lang='lat' dir='ltr'>transiliens</span> 
     </span>
     <span class='ocr_line' id='line_1_33' title="bbox 132 2817 1064 2872; baseline 0.001 -9"><span class='ocrx_word' id='word_1_273' title='bbox 132 2823 194 2863; x_wconf 84' lang='lat' dir='ltr'>cette</span> <span class='ocrx_word' id='word_1_274' title='bbox 209 2823 280 2863; x_wconf 86' lang='lat' dir='ltr'>lettre</span> <span class='ocrx_word' id='word_1_275' title='bbox 294 2830 324 2862; x_wconf 93' lang='lat' dir='ltr'>ne</span> <span class='ocrx_word' id='word_1_276' title='bbox 338 2821 394 2863; x_wconf 78' lang='lat' dir='ltr'>date</span> <span class='ocrx_word' id='word_1_277' title='bbox 407 2821 447 2862; x_wconf 90' lang='lat' dir='ltr'>des</span> <span class='ocrx_word' id='word_1_278' title='bbox 463 2819 585 2872; x_wconf 70' lang='lat' dir='ltr'>premieres</span> <span class='ocrx_word' id='word_1_279' title='bbox 612 2831 641 2862; x_wconf 87' lang='lat' dir='ltr'>en</span> <span class='ocrx_word' id='word_1_280' title='bbox 663 2831 688 2862; x_wconf 90' lang='lat' dir='ltr'>oe</span> <span class='ocrx_word' id='word_1_281' title='bbox 709 2822 812 2862; x_wconf 87' lang='lat' dir='ltr'>moment</span> <span class='ocrx_word' id='word_1_282' title='bbox 831 2817 903 2862; x_wconf 77' lang='lat' dir='ltr'>meme</span> <span class='ocrx_word' id='word_1_283' title='bbox 925 2820 940 2862; x_wconf 80' lang='lat' dir='ltr'>b</span> <span class='ocrx_word' id='word_1_284' title='bbox 960 2821 1064 2864; x_wconf 83' lang='lat' dir='ltr'>embolllr</span> 
     </span>
     <span class='ocr_line' id='line_1_34' title="bbox 132 2881 771 2934; baseline -0.002 -10"><span class='ocrx_word' id='word_1_285' title='bbox 132 2883 216 2926; x_wconf 78' lang='lat' dir='ltr'>annees</span> <span class='ocrx_word' id='word_1_286' title='bbox 229 2885 262 2926; x_wconf 88' lang='lat' dir='ltr'>du</span> <span class='ocrx_word' id='word_1_287' title='bbox 276 2882 352 2934; x_wconf 73' lang='lat' dir='ltr'>regne.</span> <span class='ocrx_word' id='word_1_288' title='bbox 611 2884 678 2926; x_wconf 89' lang='lat' dir='ltr'>notre</span> <span class='ocrx_word' id='word_1_289' title='bbox 689 2881 771 2924; x_wconf 69' lang='lat' dir='ltr'>tme.»</span> 
     </span>
    </p>

    <p class='ocr_par' dir='ltr' id='par_1_7' title="bbox 131 2935 1063 3060">
     <span class='ocr_line' id='line_1_35' title="bbox 163 2935 1062 2995; baseline 0.004 -11"><span class='ocrx_word' id='word_1_290' title='bbox 163 2937 196 2984; x_wconf 56' lang='grc' dir='ltr'>ἰ</span> <span class='ocrx_word' id='word_1_291' title='bbox 206 2945 241 2987; x_wconf 89' lang='lat' dir='ltr'>On</span> <span class='ocrx_word' id='word_1_292' title='bbox 250 2955 274 2987; x_wconf 89' lang='lat' dir='ltr'>se</span> <span class='ocrx_word' id='word_1_293' title='bbox 284 2945 490 2995; x_wconf 72' lang='lat' dir='ltr'>rangetactlemeni</span> <span class='ocrx_word' id='word_1_294' title='bbox 499 2944 513 2986; x_wconf 76' lang='lat' dir='ltr'>l</span> <span class='ocrx_word' id='word_1_295' title='bbox 521 2945 584 2988; x_wconf 78' lang='lat' dir='ltr'>l&#39;evls</span> <span class='ocrx_word' id='word_1_296' title='bbox 645 2935 655 2969; x_wconf 74' lang='lat'>⁵</span> <span class='ocrx_word' id='word_1_297' title='bbox 674 2944 803 2993; x_wconf 78' lang='lat' dir='ltr'>Oonetclor,</span> <span class='ocrx_word' id='word_1_298' title='bbox 820 2948 833 2980; x_wconf 72' lang='lat' dir='ltr'>c</span> <span class='ocrx_word' id='word_1_299' title='bbox 847 2946 984 2987; x_wconf 80' lang='lat' dir='ltr'>commenssl</span> <span class='ocrx_word' id='word_1_300' title='bbox 998 2944 1062 2988; x_wconf 78' lang='lat' dir='ltr'>bahi-</span> 
     </span>
     <span class='ocr_line' id='line_1_36' title="bbox 131 3003 1063 3060; baseline 0.003 -11"><span class='ocrx_word' id='word_1_301' title='bbox 131 3005 227 3058; x_wconf 84' lang='lat' dir='ltr'>duplus</span> <span class='ocrx_word' id='word_1_302' title='bbox 240 3008 313 3058; x_wconf 75' lang='lat' dir='ltr'>grand</span> <span class='ocrx_word' id='word_1_303' title='bbox 326 3007 428 3049; x_wconf 84' lang='lat' dir='ltr'>nombre.</span> <span class='ocrx_word' id='word_1_304' title='bbox 440 3012 453 3043; x_wconf 69' lang='grc' dir='ltr'>ι</span> <span class='ocrx_word' id='word_1_305' title='bbox 611 3007 668 3058; x_wconf 88' lang='lat' dir='ltr'>tuel,</span> <span class='ocrx_word' id='word_1_306' title='bbox 678 3013 691 3043; x_wconf 70' lang='grc' dir='ltr'>ι</span> <span class='ocrx_word' id='word_1_307' title='bbox 703 3005 785 3057; x_wconf 83' lang='lat' dir='ltr'>oppose</span> <span class='ocrx_word' id='word_1_308' title='bbox 795 3003 810 3046; x_wconf 74' lang='lat' dir='ltr'>l</span> <span class='ocrx_word' id='word_1_309' title='bbox 820 3005 923 3058; x_wconf 79' lang='lat' dir='ltr'>wnvlva,</span> <span class='ocrx_word' id='word_1_310' title='bbox 937 3009 1063 3060; x_wconf 65' lang='lat' dir='ltr'>«convivo,</span> 
     </span>
    </p>

    <p class='ocr_par' dir='ltr' id='par_1_8' title="bbox 130 3059 1062 3370">
     <span class='ocr_line' id='line_1_37' title="bbox 164 3059 780 3120; baseline -0.003 -9"><span class='ocrx_word' id='word_1_311' title='bbox 164 3059 175 3093; x_wconf 77' lang='lat'>³</span> <span class='ocrx_word' id='word_1_312' title='bbox 189 3069 284 3111; x_wconf 72' lang='lat' dir='ltr'>sonate</span> <span class='ocrx_word' id='word_1_313' title='bbox 297 3068 401 3115; x_wconf 71' lang='lat' dir='ltr'>(ero-roo</span> <span class='ocrx_word' id='word_1_314' title='bbox 409 3067 426 3120; x_wconf 79' lang='lat' dir='ltr'>t,</span> <span class='ocrx_word' id='word_1_315' title='bbox 434 3078 478 3119; x_wconf 78' lang='lat' dir='ltr'>qne</span> <span class='ocrx_word' id='word_1_316' title='bbox 491 3069 583 3111; x_wconf 72' lang='lat' dir='ltr'>rursus</span> <span class='ocrx_word' id='word_1_317' title='bbox 610 3079 653 3120; x_wconf 75' lang='lat' dir='ltr'>par</span> <span class='ocrx_word' id='word_1_318' title='bbox 666 3069 780 3110; x_wconf 72' lang='lat' dir='ltr'>nauare.»</span> 
     </span>
     <span class='ocr_line' id='line_1_38' title="bbox 131 3121 1061 3184; baseline 0.001 -10"><span class='ocrx_word' id='word_1_319' title='bbox 131 3131 161 3174; x_wconf 85' lang='lat' dir='ltr'>da</span> <span class='ocrx_word' id='word_1_320' title='bbox 174 3131 273 3184; x_wconf 72' lang='lat' dir='ltr'>Delphos</span> <span class='ocrx_word' id='word_1_321' title='bbox 286 3131 423 3182; x_wconf 85' lang='lat' dir='ltr'>proclnmnit</span> <span class='ocrx_word' id='word_1_322' title='bbox 436 3131 517 3180; x_wconf 76' lang='lat' dir='ltr'>reptas</span> <span class='ocrx_word' id='word_1_323' title='bbox 530 3141 583 3181; x_wconf 72' lang='lat' dir='ltr'>eope</span> <span class='ocrx_word' id='word_1_324' title='bbox 642 3121 811 3183; x_wconf 73' lang='lat' dir='ltr'>⁶Adsrtcutt...</span> <span class='ocrx_word' id='word_1_325' title='bbox 833 3136 846 3169; x_wconf 78' lang='grc' dir='ltr'>ι</span> <span class='ocrx_word' id='word_1_326' title='bbox 873 3129 948 3174; x_wconf 83' lang='lat' dir='ltr'>arrire</span> <span class='ocrx_word' id='word_1_327' title='bbox 974 3142 1017 3184; x_wconf 80' lang='lat' dir='ltr'>per</span> <span class='ocrx_word' id='word_1_328' title='bbox 1038 3133 1061 3176; x_wconf 77' lang='lat' dir='ltr'>lo</span> 
     </span>
     <span class='ocr_line' id='line_1_39' title="bbox 130 3191 1062 3246; baseline 0.001 -10"><span class='ocrx_word' id='word_1_329' title='bbox 130 3193 171 3236; x_wconf 85' lang='lat' dir='ltr'>des</span> <span class='ocrx_word' id='word_1_330' title='bbox 192 3194 302 3236; x_wconf 81' lang='lat' dir='ltr'>hommes.</span> <span class='ocrx_word' id='word_1_331' title='bbox 318 3214 344 3224; x_wconf 88' lang='lat'>-</span> <span class='ocrx_word' id='word_1_332' title='bbox 359 3193 431 3234; x_wconf 80' lang='lat' dir='ltr'>caton</span> <span class='ocrx_word' id='word_1_333' title='bbox 452 3194 474 3234; x_wconf 92' lang='lat' dir='ltr'>le</span> <span class='ocrx_word' id='word_1_334' title='bbox 487 3193 584 3234; x_wconf 79' lang='lat' dir='ltr'>censeor</span> <span class='ocrx_word' id='word_1_335' title='bbox 609 3195 701 3235; x_wconf 80' lang='lat' dir='ltr'>content</span> <span class='ocrx_word' id='word_1_336' title='bbox 723 3192 737 3234; x_wconf 74' lang='lat' dir='ltr'>b</span> <span class='ocrx_word' id='word_1_337' title='bbox 752 3195 923 3244; x_wconf 74' lang='lat' dir='ltr'>communiones·</span> <span class='ocrx_word' id='word_1_338' title='bbox 940 3205 966 3236; x_wconf 81' lang='lat' dir='ltr'>sn</span> <span class='ocrx_word' id='word_1_339' title='bbox 981 3191 1062 3246; x_wconf 63' lang='lat' dir='ltr'>gale!</span> 
     </span>
     <span class='ocr_line' id='line_1_40' title="bbox 131 3246 935 3308; baseline 0.002 -12"><span class='ocrx_word' id='word_1_340' title='bbox 131 3246 252 3306; x_wconf 69' lang='grc' dir='ltr'>(ιιι-149),</span> <span class='ocrx_word' id='word_1_341' title='bbox 260 3257 332 3306; x_wconf 78' lang='lat' dir='ltr'>esprit</span> <span class='ocrx_word' id='word_1_342' title='bbox 340 3256 486 3307; x_wconf 68' lang='lat' dir='ltr'>rodelangue</span> <span class='ocrx_word' id='word_1_343' title='bbox 495 3255 582 3307; x_wconf 82' lang='lat' dir='ltr'>acerbe,</span> <span class='ocrx_word' id='word_1_344' title='bbox 610 3255 675 3298; x_wconf 82' lang='lat' dir='ltr'>l’bmo</span> <span class='ocrx_word' id='word_1_345' title='bbox 687 3255 781 3298; x_wconf 84' lang='lat' dir='ltr'>candide</span> <span class='ocrx_word' id='word_1_346' title='bbox 792 3257 816 3298; x_wconf 89' lang='lat' dir='ltr'>et</span> <span class='ocrx_word' id='word_1_347' title='bbox 828 3257 935 3308; x_wconf 74' lang='lat' dir='ltr'>simple»</span> 
     </span>
     <span class='ocr_line' id='line_1_41' title="bbox 131 3309 1012 3370; baseline -0.001 -10"><span class='ocrx_word' id='word_1_348' title='bbox 131 3317 190 3360; x_wconf 79' lang='grc' dir='ltr'>ιιιιίε</span> <span class='ocrx_word' id='word_1_349' title='bbox 204 3318 254 3360; x_wconf 82' lang='lat' dir='ltr'>turs</span> <span class='ocrx_word' id='word_1_350' title='bbox 272 3317 394 3361; x_wconf 82' lang='lat' dir='ltr'>lnvlnolble</span> <span class='ocrx_word' id='word_1_351' title='bbox 411 3327 457 3360; x_wconf 78' lang='lat' dir='ltr'>nux</span> <span class='ocrx_word' id='word_1_352' title='bbox 472 3318 582 3368; x_wconf 80' lang='lat' dir='ltr'>passione.</span> <span class='ocrx_word' id='word_1_353' title='bbox 640 3309 651 3342; x_wconf 88' lang='lat'>⁷</span> <span class='ocrx_word' id='word_1_354' title='bbox 665 3324 679 3356; x_wconf 75' lang='grc' dir='ltr'>ι</span> <span class='ocrx_word' id='word_1_355' title='bbox 692 3315 832 3370; x_wconf 78' lang='lat' dir='ltr'>neuproerte</span> <span class='ocrx_word' id='word_1_356' title='bbox 844 3319 872 3361; x_wconf 85' lang='lat' dir='ltr'>do</span> <span class='ocrx_word' id='word_1_357' title='bbox 885 3317 1012 3361; x_wconf 65' lang='lat' dir='ltr'>services·</span> 
     </span>
    </p>
   </div>
   <div class='ocr_carea' id='block_1_5' title="bbox 0 0 1248 3758">
    <p class='ocr_par' dir='ltr' id='par_1_9' title="bbox 0 0 1248 3758">
     <span class='ocr_line' id='line_1_42' title="bbox 0 0 1248 3758; baseline 0 2"><span class='ocrx_word' id='word_1_358' title='bbox 0 0 1248 3758; x_wconf 95' lang='lat' dir='ltr'> </span> 
     </span>
    </p>
   </div>
  </div>
 </body>
</html>
