<?xml version="1.0" encoding="UTF-8"?>
<!DOCTYPE html PUBLIC "-//W3C//DTD XHTML 1.0 Transitional//EN"
    "http://www.w3.org/TR/xhtml1/DTD/xhtml1-transitional.dtd">
<html xmlns="http://www.w3.org/1999/xhtml" xml:lang="en" lang="en">
 <head>
  <title>
</title>
<meta http-equiv="Content-Type" content="text/html;charset=utf-8" />
  <meta name='ocr-system' content='tesseract 3.04.00' />
  <meta name='ocr-capabilities' content='ocr_page ocr_carea ocr_par ocr_line ocrx_word'/>
</head>
<body>
  <div class='ocr_page' id='page_1' title='image "./adluciliumepist00senegoog_0173.png"; bbox 0 0 2488 3758; ppageno 0'>
   <div class='ocr_carea' id='block_1_1' title="bbox 191 214 805 274">
    <p class='ocr_par' dir='ltr' id='par_1_1' title="bbox 191 214 805 274">
     <span class='ocr_line' id='line_1_1' title="bbox 191 214 805 274; baseline -0.005 -1"><span class='ocrx_word' id='word_1_1' title='bbox 191 214 244 274; x_wconf 80' lang='lat' dir='ltr'>iol</span> <span class='ocrx_word' id='word_1_2' title='bbox 500 229 526 272; x_wconf 84' lang='lat' dir='ltr'>n.</span> <span class='ocrx_word' id='word_1_3' title='bbox 546 228 652 272; x_wconf 75' lang='lat' dir='ltr'>annm</span> <span class='ocrx_word' id='word_1_4' title='bbox 677 227 805 270; x_wconf 76' lang='lat' dir='ltr'>spurca</span> 
     </span>
    </p>
   </div>
   <div class='ocr_carea' id='block_1_2' title="bbox 191 343 1117 1862">
    <p class='ocr_par' dir='ltr' id='par_1_2' title="bbox 191 343 1117 1862">
     <span class='ocr_line' id='line_1_2' title="bbox 191 343 1117 426; baseline 0 -18"><span class='ocrx_word' id='word_1_5' title='bbox 191 351 309 422; x_wconf 83' lang='lat' dir='ltr'>rabitur,</span> <span class='ocrx_word' id='word_1_6' title='bbox 329 351 361 409; x_wconf 91' lang='lat' dir='ltr'>ut</span> <span class='ocrx_word' id='word_1_7' title='bbox 381 367 437 409; x_wconf 91' lang='lat' dir='ltr'>non</span> <span class='ocrx_word' id='word_1_8' title='bbox 457 351 642 426; x_wconf 73' lang='lat' dir='ltr'>philosophie</span> <span class='ocrx_word' id='word_1_9' title='bbox 658 367 760 408; x_wconf 90' lang='lat' dir='ltr'>nornen</span> <span class='ocrx_word' id='word_1_10' title='bbox 779 343 942 414; x_wconf 82' lang='lat' dir='ltr'>venerabile</span> <span class='ocrx_word' id='word_1_11' title='bbox 957 352 986 407; x_wconf 86' lang='lat' dir='ltr'>et</span> <span class='ocrx_word' id='word_1_12' title='bbox 1000 365 1117 408; x_wconf 89' lang='lat' dir='ltr'>sacrum</span> 
     </span>
     <span class='ocr_line' id='line_1_3' title="bbox 192 429 1116 506; baseline -0.002 -18"><span class='ocrx_word' id='word_1_13' title='bbox 192 432 333 490; x_wconf 84' lang='lat' dir='ltr'>maneat¹.</span> <span class='ocrx_word' id='word_1_14' title='bbox 359 433 489 490; x_wconf 87' lang='lat' dir='ltr'>Ceterum</span> <span class='ocrx_word' id='word_1_15' title='bbox 514 431 694 506; x_wconf 82' lang='lat' dir='ltr'>philosophia</span> <span class='ocrx_word' id='word_1_16' title='bbox 717 432 780 506; x_wconf 88' lang='lat' dir='ltr'>ipsa</span> <span class='ocrx_word' id='word_1_17' title='bbox 806 429 959 503; x_wconf 79' lang='lat' dir='ltr'>tranquille</span> <span class='ocrx_word' id='word_1_18' title='bbox 985 431 1116 488; x_wconf 90' lang='lat' dir='ltr'>modeste</span> 
     </span>
     <span class='ocr_line' id='line_1_4' title="bbox 192 511 1117 585; baseline -0.001 -17"><span class='ocrx_word' id='word_1_19' title='bbox 192 530 247 585; x_wconf 89' lang='lat' dir='ltr'>que</span> <span class='ocrx_word' id='word_1_20' title='bbox 261 514 408 570; x_wconf 85' lang='lat' dir='ltr'>tractanda</span> <span class='ocrx_word' id='word_1_21' title='bbox 430 515 483 570; x_wconf 87' lang='lat' dir='ltr'>cst.</span> <span class='ocrx_word' id='word_1_22' title='bbox 504 545 538 554; x_wconf 93' lang='lat'><em>-</em></span> <span class='ocrx_word' id='word_1_23' title='bbox 562 535 575 564; x_wconf 70' lang='lat' dir='ltr'>a</span> <span class='ocrx_word' id='word_1_24' title='bbox 602 513 676 581; x_wconf 92' lang='lat' dir='ltr'>Quid</span> <span class='ocrx_word' id='word_1_25' title='bbox 690 512 777 583; x_wconf 85' lang='lat' dir='ltr'>ergo?</span> <span class='ocrx_word' id='word_1_26' title='bbox 797 512 908 584; x_wconf 86' lang='lat' dir='ltr'>inquis,</span> <span class='ocrx_word' id='word_1_27' title='bbox 932 511 1044 567; x_wconf 89' lang='lat' dir='ltr'>videtur</span> <span class='ocrx_word' id='word_1_28' title='bbox 1061 511 1117 567; x_wconf 90' lang='lat' dir='ltr'>tibi</span> 
     </span>
     <span class='ocr_line' id='line_1_5' title="bbox 191 591 1116 665; baseline -0.005 -13"><span class='ocrx_word' id='word_1_29' title='bbox 191 595 302 652; x_wconf 86' lang='lat' dir='ltr'>Marcus</span> <span class='ocrx_word' id='word_1_30' title='bbox 327 592 419 663; x_wconf 67' lang='lat' dir='ltr'>Cato²</span> <span class='ocrx_word' id='word_1_31' title='bbox 438 595 567 650; x_wconf 89' lang='lat' dir='ltr'>modeste</span> <span class='ocrx_word' id='word_1_32' title='bbox 593 591 801 665; x_wconf 87' lang='lat' dir='ltr'>philosophari,</span> <span class='ocrx_word' id='word_1_33' title='bbox 827 593 875 664; x_wconf 91' lang='lat' dir='ltr'>qui</span> <span class='ocrx_word' id='word_1_34' title='bbox 898 591 1006 647; x_wconf 90' lang='lat' dir='ltr'>bellum</span> <span class='ocrx_word' id='word_1_35' title='bbox 1030 591 1116 648; x_wconf 81' lang='lat' dir='ltr'>civile</span> 
     </span>
     <span class='ocr_line' id='line_1_6' title="bbox 193 671 1115 747; baseline -0.003 -17"><span class='ocrx_word' id='word_1_36' title='bbox 193 673 335 730; x_wconf 83' lang='lat' dir='ltr'>sententia</span> <span class='ocrx_word' id='word_1_37' title='bbox 358 690 410 730; x_wconf 87' lang='lat' dir='ltr'>sua</span> <span class='ocrx_word' id='word_1_38' title='bbox 430 671 579 747; x_wconf 74' lang='lat' dir='ltr'>reprimit?</span> <span class='ocrx_word' id='word_1_39' title='bbox 598 674 652 742; x_wconf 90' lang='lat' dir='ltr'>Qui</span> <span class='ocrx_word' id='word_1_40' title='bbox 672 671 827 728; x_wconf 78' lang='lat' dir='ltr'>lucentium</span> <span class='ocrx_word' id='word_1_41' title='bbox 846 672 1008 744; x_wconf 90' lang='lat' dir='ltr'>principum</span> <span class='ocrx_word' id='word_1_42' title='bbox 1025 672 1115 727; x_wconf 83' lang='lat' dir='ltr'>ermis</span> 
     </span>
     <span class='ocr_line' id='line_1_7' title="bbox 192 751 1115 824; baseline -0.001 -16"><span class='ocrx_word' id='word_1_43' title='bbox 192 753 304 810; x_wconf 87' lang='lat' dir='ltr'>medius</span> <span class='ocrx_word' id='word_1_44' title='bbox 312 753 485 810; x_wconf 85' lang='lat' dir='ltr'>intervenit?</span> <span class='ocrx_word' id='word_1_45' title='bbox 495 754 560 822; x_wconf 91' lang='lat' dir='ltr'>Qui,</span> <span class='ocrx_word' id='word_1_46' title='bbox 572 752 808 824; x_wconf 84' lang='lat' dir='ltr'>aliisPompeium</span> <span class='ocrx_word' id='word_1_47' title='bbox 820 751 1115 824; x_wconf 80' lang='lat' dir='ltr'>offendentibus,aliis</span> 
     </span>
     <span class='ocr_line' id='line_1_8' title="bbox 193 830 1116 904; baseline -0.003 -16"><span class='ocrx_word' id='word_1_48' title='bbox 193 835 348 902; x_wconf 68' lang='lat' dir='ltr'>Caesarem,</span> <span class='ocrx_word' id='word_1_49' title='bbox 365 833 483 889; x_wconf 82' lang='lat' dir='ltr'>lacessit</span> <span class='ocrx_word' id='word_1_50' title='bbox 498 830 588 889; x_wconf 89' lang='lat' dir='ltr'>duos?</span> <span class='ocrx_word' id='word_1_51' title='bbox 605 854 618 883; x_wconf 72' lang='lat' dir='ltr'>a</span> <span class='ocrx_word' id='word_1_52' title='bbox 633 864 669 874; x_wconf 95' lang='lat'>-</span> <span class='ocrx_word' id='word_1_53' title='bbox 683 835 780 889; x_wconf 90' lang='lat' dir='ltr'>Potest</span> <span class='ocrx_word' id='word_1_54' title='bbox 791 831 897 904; x_wconf 88' lang='lat' dir='ltr'>aliquis</span> <span class='ocrx_word' id='word_1_55' title='bbox 918 833 1064 904; x_wconf 88' lang='lat' dir='ltr'>disputare</span> <span class='ocrx_word' id='word_1_56' title='bbox 1078 847 1116 886; x_wconf 87' lang='lat' dir='ltr'>an</span> 
     </span>
     <span class='ocr_line' id='line_1_9' title="bbox 193 910 1115 986; baseline -0.003 -18"><span class='ocrx_word' id='word_1_57' title='bbox 193 913 243 968; x_wconf 96' lang='lat' dir='ltr'>illo</span> <span class='ocrx_word' id='word_1_58' title='bbox 262 914 387 986; x_wconf 89' lang='lat' dir='ltr'>tempore</span> <span class='ocrx_word' id='word_1_59' title='bbox 407 913 599 986; x_wconf 81' lang='lat' dir='ltr'>capessenda³</span> <span class='ocrx_word' id='word_1_60' title='bbox 611 912 699 969; x_wconf 89' lang='lat' dir='ltr'>luerit</span> <span class='ocrx_word' id='word_1_61' title='bbox 714 911 837 986; x_wconf 89' lang='lat' dir='ltr'>sapienti</span> <span class='ocrx_word' id='word_1_62' title='bbox 853 911 1024 984; x_wconf 83' lang='lat' dir='ltr'>respublica.</span> <span class='ocrx_word' id='word_1_63' title='bbox 1039 910 1115 979; x_wconf 88' lang='lat' dir='ltr'>Quid</span> 
     </span>
     <span class='ocr_line' id='line_1_10' title="bbox 192 991 1116 1064; baseline -0.001 -16"><span class='ocrx_word' id='word_1_64' title='bbox 192 993 247 1049; x_wconf 91' lang='lat' dir='ltr'>tibi</span> <span class='ocrx_word' id='word_1_65' title='bbox 257 995 310 1062; x_wconf 82' lang='lat' dir='ltr'>vis,</span> <span class='ocrx_word' id='word_1_66' title='bbox 322 997 413 1052; x_wconf 86' lang='lat' dir='ltr'>Marce</span> <span class='ocrx_word' id='word_1_67' title='bbox 424 991 510 1051; x_wconf 87' lang='lat' dir='ltr'>Cato?</span> <span class='ocrx_word' id='word_1_68' title='bbox 520 998 580 1051; x_wconf 88' lang='lat' dir='ltr'>lam</span> <span class='ocrx_word' id='word_1_69' title='bbox 592 1010 648 1050; x_wconf 92' lang='lat' dir='ltr'>non</span> <span class='ocrx_word' id='word_1_70' title='bbox 663 993 757 1064; x_wconf 81' lang='lat' dir='ltr'>agitur</span> <span class='ocrx_word' id='word_1_71' title='bbox 768 993 803 1049; x_wconf 89' lang='lat' dir='ltr'>de</span> <span class='ocrx_word' id='word_1_72' title='bbox 813 992 958 1060; x_wconf 87' lang='lat' dir='ltr'>libertate;</span> <span class='ocrx_word' id='word_1_73' title='bbox 972 991 1041 1048; x_wconf 91' lang='lat' dir='ltr'>olim</span> <span class='ocrx_word' id='word_1_74' title='bbox 1052 1007 1116 1064; x_wconf 90' lang='lat' dir='ltr'>pes-</span> 
     </span>
     <span class='ocr_line' id='line_1_11' title="bbox 194 1072 1115 1145; baseline -0.004 -15"><span class='ocrx_word' id='word_1_75' title='bbox 194 1074 324 1130; x_wconf 90' lang='lat' dir='ltr'>sumdata</span> <span class='ocrx_word' id='word_1_76' title='bbox 343 1076 400 1130; x_wconf 86' lang='lat' dir='ltr'>esti</span> <span class='ocrx_word' id='word_1_77' title='bbox 422 1076 563 1145; x_wconf 71' lang='lat' dir='ltr'>Quaeritur</span> <span class='ocrx_word' id='word_1_78' title='bbox 578 1076 674 1131; x_wconf 91' lang='lat' dir='ltr'>utrum</span> <span class='ocrx_word' id='word_1_79' title='bbox 692 1075 785 1132; x_wconf 76' lang='lat' dir='ltr'>Caesar</span> <span class='ocrx_word' id='word_1_80' title='bbox 800 1090 836 1129; x_wconf 86' lang='lat' dir='ltr'>an</span> <span class='ocrx_word' id='word_1_81' title='bbox 852 1073 1001 1145; x_wconf 91' lang='lat' dir='ltr'>Pompeius</span> <span class='ocrx_word' id='word_1_82' title='bbox 1020 1072 1115 1145; x_wconf 87' lang='lat' dir='ltr'>possi-</span> 
     </span>
     <span class='ocr_line' id='line_1_12' title="bbox 193 1147 1116 1226; baseline 0 -18"><span class='ocrx_word' id='word_1_83' title='bbox 193 1153 259 1208; x_wconf 87' lang='lat' dir='ltr'>deat</span> <span class='ocrx_word' id='word_1_84' title='bbox 276 1153 491 1226; x_wconf 86' lang='lat' dir='ltr'>rempublicam.</span> <span class='ocrx_word' id='word_1_85' title='bbox 509 1154 583 1223; x_wconf 89' lang='lat' dir='ltr'>Quid</span> <span class='ocrx_word' id='word_1_86' title='bbox 598 1154 651 1209; x_wconf 91' lang='lat' dir='ltr'>tibi</span> <span class='ocrx_word' id='word_1_87' title='bbox 662 1170 726 1210; x_wconf 91' lang='lat' dir='ltr'>cum</span> <span class='ocrx_word' id='word_1_88' title='bbox 741 1153 797 1208; x_wconf 87' lang='lat' dir='ltr'>ista</span> <span class='ocrx_word' id='word_1_89' title='bbox 811 1147 1009 1208; x_wconf 80' lang='lat' dir='ltr'>contentione?</span> <span class='ocrx_word' id='word_1_90' title='bbox 1022 1151 1116 1210; x_wconf 84' lang='lat' dir='ltr'>Nullae</span> 
     </span>
     <span class='ocr_line' id='line_1_13' title="bbox 192 1231 1115 1306; baseline 0.002 -19"><span class='ocrx_word' id='word_1_91' title='bbox 192 1235 287 1306; x_wconf 86' lang='lat' dir='ltr'>partes</span> <span class='ocrx_word' id='word_1_92' title='bbox 302 1234 358 1290; x_wconf 86' lang='lat' dir='ltr'>tuae</span> <span class='ocrx_word' id='word_1_93' title='bbox 374 1236 449 1290; x_wconf 88' lang='lat' dir='ltr'>sunt.</span> <span class='ocrx_word' id='word_1_94' title='bbox 467 1235 604 1290; x_wconf 85' lang='lat' dir='ltr'>Dominus</span> <span class='ocrx_word' id='word_1_95' title='bbox 615 1233 750 1304; x_wconf 84' lang='lat' dir='ltr'>eligitur:</span> <span class='ocrx_word' id='word_1_96' title='bbox 766 1232 835 1304; x_wconf 90' lang='lat' dir='ltr'>quid</span> <span class='ocrx_word' id='word_1_97' title='bbox 851 1234 914 1301; x_wconf 89' lang='lat' dir='ltr'>tua,</span> <span class='ocrx_word' id='word_1_98' title='bbox 928 1231 1115 1289; x_wconf 86' lang='lat' dir='ltr'>utervincat?</span> 
     </span>
     <span class='ocr_line' id='line_1_14' title="bbox 193 1311 1116 1385; baseline -0.001 -17"><span class='ocrx_word' id='word_1_99' title='bbox 193 1313 288 1369; x_wconf 88' lang='lat' dir='ltr'>Potest</span> <span class='ocrx_word' id='word_1_100' title='bbox 302 1313 404 1370; x_wconf 91' lang='lat' dir='ltr'>melior</span> <span class='ocrx_word' id='word_1_101' title='bbox 421 1314 549 1384; x_wconf 84' lang='lat' dir='ltr'>uincere;</span> <span class='ocrx_word' id='word_1_102' title='bbox 563 1329 619 1370; x_wconf 92' lang='lat' dir='ltr'>non</span> <span class='ocrx_word' id='word_1_103' title='bbox 636 1314 728 1385; x_wconf 89' lang='lat' dir='ltr'>potest</span> <span class='ocrx_word' id='word_1_104' title='bbox 748 1329 804 1368; x_wconf 90' lang='lat' dir='ltr'>non</span> <span class='ocrx_word' id='word_1_105' title='bbox 820 1314 899 1385; x_wconf 89' lang='lat' dir='ltr'>pejor</span> <span class='ocrx_word' id='word_1_106' title='bbox 915 1328 978 1368; x_wconf 90' lang='lat' dir='ltr'>esse</span> <span class='ocrx_word' id='word_1_107' title='bbox 1002 1311 1051 1383; x_wconf 87' lang='lat' dir='ltr'>qui</span> <span class='ocrx_word' id='word_1_108' title='bbox 1072 1312 1116 1367; x_wconf 85' lang='lat' dir='ltr'>vi-</span> 
     </span>
     <span class='ocr_line' id='line_1_15' title="bbox 193 1392 1116 1468; baseline 0 -20"><span class='ocrx_word' id='word_1_109' title='bbox 193 1393 263 1449; x_wconf 89' lang='lat' dir='ltr'>cerit</span> <span class='ocrx_word' id='word_1_110' title='bbox 276 1392 297 1450; x_wconf 87' lang='lat'>⁴.</span> <span class='ocrx_word' id='word_1_111' title='bbox 322 1393 441 1452; x_wconf 86' lang='lat' dir='ltr'>Ultimas</span> <span class='ocrx_word' id='word_1_112' title='bbox 467 1395 584 1468; x_wconf 90' lang='lat' dir='ltr'>parles⁵</span> <span class='ocrx_word' id='word_1_113' title='bbox 602 1395 684 1465; x_wconf 84' lang='lat' dir='ltr'>attigi</span> <span class='ocrx_word' id='word_1_114' title='bbox 708 1395 839 1461; x_wconf 82' lang='lat' dir='ltr'>Catonis3</span> <span class='ocrx_word' id='word_1_115' title='bbox 872 1393 921 1449; x_wconf 87' lang='lat' dir='ltr'>sed</span> <span class='ocrx_word' id='word_1_116' title='bbox 943 1409 978 1448; x_wconf 89' lang='lat' dir='ltr'>ne</span> <span class='ocrx_word' id='word_1_117' title='bbox 1006 1392 1116 1466; x_wconf 85' lang='lat' dir='ltr'>priores</span> 
     </span>
     <span class='ocr_line' id='line_1_16' title="bbox 194 1472 1115 1546; baseline 0 -18"><span class='ocrx_word' id='word_1_118' title='bbox 194 1473 308 1544; x_wconf 90' lang='lat' dir='ltr'>quidem</span> <span class='ocrx_word' id='word_1_119' title='bbox 323 1475 391 1530; x_wconf 92' lang='lat' dir='ltr'>anni</span> <span class='ocrx_word' id='word_1_120' title='bbox 412 1475 560 1544; x_wconf 83' lang='lat' dir='ltr'>luerunt⁶,</span> <span class='ocrx_word' id='word_1_121' title='bbox 582 1475 630 1546; x_wconf 90' lang='lat' dir='ltr'>qui</span> <span class='ocrx_word' id='word_1_122' title='bbox 652 1475 810 1546; x_wconf 87' lang='lat' dir='ltr'>sapientem</span> <span class='ocrx_word' id='word_1_123' title='bbox 835 1472 964 1530; x_wconf 90' lang='lat' dir='ltr'>inillam</span> <span class='ocrx_word' id='word_1_124' title='bbox 986 1473 1115 1544; x_wconf 89' lang='lat' dir='ltr'>rapinam</span> 
     </span>
     <span class='ocr_line' id='line_1_17' title="bbox 194 1552 1115 1625; baseline -0.001 -17"><span class='ocrx_word' id='word_1_125' title='bbox 194 1552 360 1625; x_wconf 78' lang='lat' dir='ltr'>reipublicae</span> <span class='ocrx_word' id='word_1_126' title='bbox 374 1555 566 1611; x_wconf 87' lang='lat' dir='ltr'>admitterent.</span> <span class='ocrx_word' id='word_1_127' title='bbox 587 1554 662 1622; x_wconf 89' lang='lat' dir='ltr'>Quid</span> <span class='ocrx_word' id='word_1_128' title='bbox 683 1554 762 1610; x_wconf 91' lang='lat' dir='ltr'>aliud</span> <span class='ocrx_word' id='word_1_129' title='bbox 777 1570 862 1625; x_wconf 88' lang='lat' dir='ltr'>quam</span> <span class='ocrx_word' id='word_1_130' title='bbox 881 1553 1050 1611; x_wconf 79' lang='lat' dir='ltr'>uociferatus</span> <span class='ocrx_word' id='word_1_131' title='bbox 1069 1556 1115 1608; x_wconf 87' lang='lat' dir='ltr'>est</span> 
     </span>
     <span class='ocr_line' id='line_1_18' title="bbox 194 1630 1114 1707; baseline -0.003 -17"><span class='ocrx_word' id='word_1_132' title='bbox 194 1634 276 1702; x_wconf 87' lang='lat' dir='ltr'>Cato,</span> <span class='ocrx_word' id='word_1_133' title='bbox 292 1636 320 1689; x_wconf 90' lang='lat' dir='ltr'>et</span> <span class='ocrx_word' id='word_1_134' title='bbox 332 1634 411 1691; x_wconf 90' lang='lat' dir='ltr'>misit</span> <span class='ocrx_word' id='word_1_135' title='bbox 424 1635 512 1690; x_wconf 88' lang='lat' dir='ltr'>iratas</span> <span class='ocrx_word' id='word_1_136' title='bbox 525 1651 622 1704; x_wconf 83' lang='lat' dir='ltr'>voces,</span> <span class='ocrx_word' id='word_1_137' title='bbox 637 1651 724 1707; x_wconf 90' lang='lat' dir='ltr'>quum</span> <span class='ocrx_word' id='word_1_138' title='bbox 739 1635 822 1691; x_wconf 93' lang='lat' dir='ltr'>modo</span> <span class='ocrx_word' id='word_1_139' title='bbox 836 1651 885 1707; x_wconf 91' lang='lat' dir='ltr'>per</span> <span class='ocrx_word' id='word_1_140' title='bbox 895 1630 990 1706; x_wconf 92' lang='lat' dir='ltr'>populi</span> <span class='ocrx_word' id='word_1_141' title='bbox 1001 1631 1114 1688; x_wconf 90' lang='lat' dir='ltr'>levatus</span> 
     </span>
     <span class='ocr_line' id='line_1_19' title="bbox 194 1713 1116 1788; baseline -0.002 -20"><span class='ocrx_word' id='word_1_142' title='bbox 194 1729 310 1782; x_wconf 89' lang='lat' dir='ltr'>manus,</span> <span class='ocrx_word' id='word_1_143' title='bbox 326 1715 355 1769; x_wconf 90' lang='lat' dir='ltr'>et</span> <span class='ocrx_word' id='word_1_144' title='bbox 369 1715 487 1772; x_wconf 89' lang='lat' dir='ltr'>obrutus</span> <span class='ocrx_word' id='word_1_145' title='bbox 503 1715 616 1787; x_wconf 86' lang='lat' dir='ltr'>sputis,</span> <span class='ocrx_word' id='word_1_146' title='bbox 637 1714 839 1788; x_wconf 85' lang='lat' dir='ltr'>et·portandus</span> <span class='ocrx_word' id='word_1_147' title='bbox 858 1716 938 1770; x_wconf 84' lang='lat' dir='ltr'>extra</span> <span class='ocrx_word' id='word_1_148' title='bbox 954 1713 1043 1768; x_wconf 87' lang='lat' dir='ltr'>lorum</span> <span class='ocrx_word' id='word_1_149' title='bbox 1057 1713 1116 1767; x_wconf 90' lang='lat' dir='ltr'>tra-</span> 
     </span>
     <span class='ocr_line' id='line_1_20' title="bbox 194 1788 1115 1862; baseline -0.001 -14"><span class='ocrx_word' id='word_1_150' title='bbox 194 1794 318 1862; x_wconf 88' lang='lat' dir='ltr'>heretur,</span> <span class='ocrx_word' id='word_1_151' title='bbox 346 1796 429 1851; x_wconf 90' lang='lat' dir='ltr'>modo</span> <span class='ocrx_word' id='word_1_152' title='bbox 456 1812 472 1851; x_wconf 90' lang='lat' dir='ltr'>e</span> <span class='ocrx_word' id='word_1_153' title='bbox 502 1795 604 1851; x_wconf 86' lang='lat' dir='ltr'>senatu</span> <span class='ocrx_word' id='word_1_154' title='bbox 631 1795 662 1850; x_wconf 90' lang='lat' dir='ltr'>in</span> <span class='ocrx_word' id='word_1_155' title='bbox 696 1810 837 1850; x_wconf 87' lang='lat' dir='ltr'>carcerem</span> <span class='ocrx_word' id='word_1_156' title='bbox 860 1788 1033 1849; x_wconf 76' lang='lat' dir='ltr'>duceretur?</span> <span class='ocrx_word' id='word_1_157' title='bbox 1059 1792 1115 1849; x_wconf 89' lang='lat' dir='ltr'>Sed</span> 
     </span>
    </p>
   </div>
   <div class='ocr_carea' id='block_1_3' title="bbox 194 1872 1118 2428">
    <p class='ocr_par' dir='ltr' id='par_1_3' title="bbox 194 1872 1118 2428">
     <span class='ocr_line' id='line_1_21' title="bbox 194 1872 1115 1949; baseline 0.001 -20"><span class='ocrx_word' id='word_1_158' title='bbox 194 1875 292 1946; x_wconf 89' lang='lat' dir='ltr'>postea</span> <span class='ocrx_word' id='word_1_159' title='bbox 304 1874 464 1931; x_wconf 85' lang='lat' dir='ltr'>videbimus</span> <span class='ocrx_word' id='word_1_160' title='bbox 478 1892 513 1932; x_wconf 90' lang='lat' dir='ltr'>an</span> <span class='ocrx_word' id='word_1_161' title='bbox 529 1875 651 1949; x_wconf 89' lang='lat' dir='ltr'>sapienti</span> <span class='ocrx_word' id='word_1_162' title='bbox 662 1891 747 1948; x_wconf 89' lang='lat' dir='ltr'>opera</span> <span class='ocrx_word' id='word_1_163' title='bbox 763 1873 907 1947; x_wconf 89' lang='lat' dir='ltr'>perdenda</span> <span class='ocrx_word' id='word_1_164' title='bbox 926 1873 984 1930; x_wconf 90' lang='lat' dir='ltr'>sit:</span> <span class='ocrx_word' id='word_1_165' title='bbox 999 1872 1115 1930; x_wconf 90' lang='lat' dir='ltr'>interim</span> 
     </span>
     <span class='ocr_line' id='line_1_22' title="bbox 194 1953 1116 2028; baseline 0 -20"><span class='ocrx_word' id='word_1_166' title='bbox 194 1954 221 2008; x_wconf 92' lang='lat' dir='ltr'>te</span> <span class='ocrx_word' id='word_1_167' title='bbox 235 1954 270 2009; x_wconf 90' lang='lat' dir='ltr'>ad</span> <span class='ocrx_word' id='word_1_168' title='bbox 285 1954 337 2009; x_wconf 90' lang='lat' dir='ltr'>hos</span> <span class='ocrx_word' id='word_1_169' title='bbox 352 1956 456 2012; x_wconf 89' lang='lat' dir='ltr'>stoicos</span> <span class='ocrx_word' id='word_1_170' title='bbox 470 1971 553 2024; x_wconf 83' lang='lat' dir='ltr'>uoco,</span> <span class='ocrx_word' id='word_1_171' title='bbox 568 1957 628 2028; x_wconf 90' lang='lat' dir='ltr'>qui,</span> <span class='ocrx_word' id='word_1_172' title='bbox 648 1973 665 2012; x_wconf 89' lang='lat' dir='ltr'>a</span> <span class='ocrx_word' id='word_1_173' title='bbox 684 1954 829 2027; x_wconf 88' lang='lat' dir='ltr'>republica</span> <span class='ocrx_word' id='word_1_174' title='bbox 843 1953 970 2022; x_wconf 86' lang='lat' dir='ltr'>exclusi,</span> <span class='ocrx_word' id='word_1_175' title='bbox 986 1969 1116 2009; x_wconf 86' lang='lat' dir='ltr'>secesse-</span> 
     </span>
     <span class='ocr_line' id='line_1_23' title="bbox 194 2032 1118 2117; baseline -0.001 -28"><span class='ocrx_word' id='word_1_176' title='bbox 194 2033 261 2089; x_wconf 90' lang='lat' dir='ltr'>runt</span> <span class='ocrx_word' id='word_1_177' title='bbox 280 2035 315 2090; x_wconf 89' lang='lat' dir='ltr'>ad</span> <span class='ocrx_word' id='word_1_178' title='bbox 341 2035 488 2092; x_wconf 90' lang='lat' dir='ltr'>colendam</span> <span class='ocrx_word' id='word_1_179' title='bbox 514 2036 620 2106; x_wconf 82' lang='lat' dir='ltr'>vitam,</span> <span class='ocrx_word' id='word_1_180' title='bbox 644 2038 673 2092; x_wconf 90' lang='lat' dir='ltr'>et</span> <span class='ocrx_word' id='word_1_181' title='bbox 697 2035 822 2092; x_wconf 88' lang='lat' dir='ltr'>humano</span> <span class='ocrx_word' id='word_1_182' title='bbox 838 2032 936 2117; x_wconf 74' lang='lat' dir='ltr'>generi</span> <span class='ocrx_word' id='word_1_183' title='bbox 959 2033 1024 2105; x_wconf 84' lang='lat' dir='ltr'>jura</span> <span class='ocrx_word' id='word_1_184' title='bbox 1051 2049 1118 2090; x_wconf 88' lang='lat' dir='ltr'>con-</span> 
     </span>
     <span class='ocr_line' id='line_1_24' title="bbox 194 2112 1116 2188; baseline 0.002 -22"><span class='ocrx_word' id='word_1_185' title='bbox 194 2112 301 2182; x_wconf 84' lang='lat' dir='ltr'>denda,</span> <span class='ocrx_word' id='word_1_186' title='bbox 319 2114 381 2170; x_wconf 89' lang='lat' dir='ltr'>sine</span> <span class='ocrx_word' id='word_1_187' title='bbox 402 2115 462 2172; x_wconf 91' lang='lat' dir='ltr'>ulla</span> <span class='ocrx_word' id='word_1_188' title='bbox 476 2115 644 2188; x_wconf 90' lang='lat' dir='ltr'>potentioris</span> <span class='ocrx_word' id='word_1_189' title='bbox 660 2117 777 2172; x_wconf 83' lang='lat' dir='ltr'>offensa.</span> <span class='ocrx_word' id='word_1_190' title='bbox 797 2117 858 2172; x_wconf 93' lang='lat' dir='ltr'>Non</span> <span class='ocrx_word' id='word_1_191' title='bbox 877 2114 1057 2170; x_wconf 88' lang='lat' dir='ltr'>conturbabit</span> <span class='ocrx_word' id='word_1_192' title='bbox 1072 2126 1116 2168; x_wconf 83' lang='lat' dir='ltr'>sa·</span> 
     </span>
     <span class='ocr_line' id='line_1_25' title="bbox 194 2192 1117 2269; baseline 0.003 -22"><span class='ocrx_word' id='word_1_193' title='bbox 194 2192 276 2265; x_wconf 90' lang='lat' dir='ltr'>piens</span> <span class='ocrx_word' id='word_1_194' title='bbox 296 2193 424 2265; x_wconf 88' lang='lat' dir='ltr'>publicos</span> <span class='ocrx_word' id='word_1_195' title='bbox 447 2212 554 2263; x_wconf 89' lang='lat' dir='ltr'>mores,</span> <span class='ocrx_word' id='word_1_196' title='bbox 579 2213 631 2252; x_wconf 90' lang='lat' dir='ltr'>nec</span> <span class='ocrx_word' id='word_1_197' title='bbox 653 2194 789 2269; x_wconf 89' lang='lat' dir='ltr'>populum</span> <span class='ocrx_word' id='word_1_198' title='bbox 808 2194 839 2250; x_wconf 93' lang='lat' dir='ltr'>in</span> <span class='ocrx_word' id='word_1_199' title='bbox 857 2211 888 2250; x_wconf 88' lang='lat' dir='ltr'>se</span> <span class='ocrx_word' id='word_1_200' title='bbox 908 2194 1033 2251; x_wconf 85' lang='lat' dir='ltr'>novitate</span> <span class='ocrx_word' id='word_1_201' title='bbox 1050 2193 1117 2250; x_wconf 81' lang='lat' dir='ltr'>vitae</span> 
     </span>
     <span class='ocr_line' id='line_1_26' title="bbox 194 2273 1118 2347; baseline 0.002 -19"><span class='ocrx_word' id='word_1_202' title='bbox 194 2274 346 2329; x_wconf 89' lang='lat' dir='ltr'>convertet.</span> <span class='ocrx_word' id='word_1_203' title='bbox 360 2305 395 2314; x_wconf 96' lang='lat'><em>-</em></span> <span class='ocrx_word' id='word_1_204' title='bbox 415 2295 427 2324; x_wconf 74' lang='lat' dir='ltr'>o</span> <span class='ocrx_word' id='word_1_205' title='bbox 445 2275 519 2342; x_wconf 91' lang='lat' dir='ltr'>Quid</span> <span class='ocrx_word' id='word_1_206' title='bbox 534 2273 619 2346; x_wconf 83' lang='lat' dir='ltr'>ergo?</span> <span class='ocrx_word' id='word_1_207' title='bbox 631 2277 730 2347; x_wconf 90' lang='lat' dir='ltr'>utique</span> <span class='ocrx_word' id='word_1_208' title='bbox 743 2276 799 2332; x_wconf 91' lang='lat' dir='ltr'>erit</span> <span class='ocrx_word' id='word_1_209' title='bbox 812 2276 906 2344; x_wconf 90' lang='lat' dir='ltr'>tutus,</span> <span class='ocrx_word' id='word_1_210' title='bbox 924 2275 973 2347; x_wconf 92' lang='lat' dir='ltr'>qui</span> <span class='ocrx_word' id='word_1_211' title='bbox 987 2274 1039 2330; x_wconf 88' lang='lat' dir='ltr'>boc</span> <span class='ocrx_word' id='word_1_212' title='bbox 1056 2290 1118 2346; x_wconf 92' lang='lat' dir='ltr'>pro·</span> 
     </span>
     <span class='ocr_line' id='line_1_27' title="bbox 194 2351 1116 2428; baseline 0.002 -20"><span class='ocrx_word' id='word_1_213' title='bbox 194 2351 319 2428; x_wconf 90' lang='lat' dir='ltr'>positum</span> <span class='ocrx_word' id='word_1_214' title='bbox 339 2351 492 2428; x_wconf 87' lang='lat' dir='ltr'>sequetur?</span> <span class='ocrx_word' id='word_1_215' title='bbox 512 2377 525 2406; x_wconf 71' lang='lat' dir='ltr'>l</span> <span class='ocrx_word' id='word_1_216' title='bbox 548 2386 584 2398; x_wconf 89' lang='lat'><em>-</em></span> <span class='ocrx_word' id='word_1_217' title='bbox 604 2357 770 2414; x_wconf 85' lang='lat' dir='ltr'>Promittere</span> <span class='ocrx_word' id='word_1_218' title='bbox 790 2355 843 2412; x_wconf 90' lang='lat' dir='ltr'>tibi</span> <span class='ocrx_word' id='word_1_219' title='bbox 865 2354 917 2412; x_wconf 91' lang='lat' dir='ltr'>hoc</span> <span class='ocrx_word' id='word_1_220' title='bbox 941 2371 998 2411; x_wconf 91' lang='lat' dir='ltr'>non</span> <span class='ocrx_word' id='word_1_221' title='bbox 1022 2354 1116 2425; x_wconf 80' lang='lat' dir='ltr'>magis</span> 
     </span>
    </p>
   </div>
   <div class='ocr_carea' id='block_1_4' title="bbox 194 2506 1122 3382">
    <p class='ocr_par' dir='ltr' id='par_1_4' title="bbox 194 2506 1118 2695">
     <span class='ocr_line' id='line_1_28' title="bbox 224 2506 1118 2573; baseline 0.004 -15"><span class='ocrx_word' id='word_1_222' title='bbox 224 2506 233 2540; x_wconf 85' lang='lat'><strong>¹</strong></span> <span class='ocrx_word' id='word_1_223' title='bbox 244 2518 297 2560; x_wconf 85' lang='lat' dir='ltr'>Plus</span> <span class='ocrx_word' id='word_1_224' title='bbox 307 2521 373 2562; x_wconf 85' lang='lat' dir='ltr'>d&#39;nne</span> <span class='ocrx_word' id='word_1_225' title='bbox 381 2521 425 2562; x_wconf 78' lang='lat' dir='ltr'>tols</span> <span class='ocrx_word' id='word_1_226' title='bbox 434 2521 560 2573; x_wconf 84' lang='lat' dir='ltr'>pourtant,</span> <span class='ocrx_word' id='word_1_227' title='bbox 572 2523 643 2564; x_wconf 76' lang='lat' dir='ltr'>erant</span> <span class='ocrx_word' id='word_1_228' title='bbox 670 2521 751 2563; x_wconf 78' lang='lat' dir='ltr'>domne</span> <span class='ocrx_word' id='word_1_229' title='bbox 761 2519 876 2562; x_wconf 75' lang='lat' dir='ltr'>lul-meme</span> <span class='ocrx_word' id='word_1_230' title='bbox 886 2518 1079 2571; x_wconf 77' lang='lat' dir='ltr'>rapartlolpotlon</span> <span class='ocrx_word' id='word_1_231' title='bbox 1087 2528 1118 2562; x_wconf 79' lang='lat' dir='ltr'>au</span> 
     </span>
     <span class='ocr_line' id='line_1_29' title="bbox 194 2581 978 2634; baseline 0.005 -14"><span class='ocrx_word' id='word_1_232' title='bbox 194 2590 281 2622; x_wconf 87' lang='lat' dir='ltr'>comme</span> <span class='ocrx_word' id='word_1_233' title='bbox 298 2581 362 2632; x_wconf 72' lang='lat' dir='ltr'>apres</span> <span class='ocrx_word' id='word_1_234' title='bbox 379 2582 489 2634; x_wconf 74' lang='lat' dir='ltr'>scaduno,</span> <span class='ocrx_word' id='word_1_235' title='bbox 509 2585 532 2626; x_wconf 86' lang='lat' dir='ltr'>le</span> <span class='ocrx_word' id='word_1_236' title='bbox 546 2594 598 2625; x_wconf 87' lang='lat' dir='ltr'>nom</span> <span class='ocrx_word' id='word_1_237' title='bbox 615 2585 642 2626; x_wconf 87' lang='lat' dir='ltr'>de</span> <span class='ocrx_word' id='word_1_238' title='bbox 669 2585 845 2634; x_wconf 73' lang='lat' dir='ltr'>gouvernoment</span> <span class='ocrx_word' id='word_1_239' title='bbox 857 2582 884 2624; x_wconf 86' lang='lat' dir='ltr'>de</span> <span class='ocrx_word' id='word_1_240' title='bbox 894 2582 978 2624; x_wconf 77' lang='lat' dir='ltr'>Neron.</span> 
     </span>
     <span class='ocr_line' id='line_1_30' title="bbox 194 2637 1118 2695; baseline 0.005 -14"><span class='ocrx_word' id='word_1_241' title='bbox 194 2643 333 2694; x_wconf 80' lang='lat' dir='ltr'>philosophie</span> <span class='ocrx_word' id='word_1_242' title='bbox 345 2645 382 2686; x_wconf 81' lang='lat' dir='ltr'>n&#39;a</span> <span class='ocrx_word' id='word_1_243' title='bbox 394 2645 481 2695; x_wconf 74' lang='lat' dir='ltr'>postte</span> <span class='ocrx_word' id='word_1_244' title='bbox 493 2656 522 2687; x_wconf 87' lang='lat' dir='ltr'>en</span> <span class='ocrx_word' id='word_1_245' title='bbox 532 2647 641 2689; x_wconf 86' lang='lat' dir='ltr'>honneur.</span> <span class='ocrx_word' id='word_1_246' title='bbox 700 2637 711 2670; x_wconf 83' lang='lat'><strong>⁴</strong></span> <span class='ocrx_word' id='word_1_247' title='bbox 723 2644 824 2695; x_wconf 79' lang='lat' dir='ltr'>sonoque</span> <span class='ocrx_word' id='word_1_248' title='bbox 841 2647 897 2687; x_wconf 81' lang='lat' dir='ltr'>veui</span> <span class='ocrx_word' id='word_1_249' title='bbox 915 2646 963 2687; x_wconf 86' lang='lat' dir='ltr'>dire</span> <span class='ocrx_word' id='word_1_250' title='bbox 982 2656 987 2686; x_wconf 74' lang='grc' dir='ltr'><strong>ε</strong></span> <span class='ocrx_word' id='word_1_251' title='bbox 1007 2649 1077 2693; x_wconf 68' lang='lat' dir='ltr'>tque</span> <span class='ocrx_word' id='word_1_252' title='bbox 1095 2645 1118 2686; x_wconf 81' lang='lat' dir='ltr'>le</span> 
     </span>
    </p>

    <p class='ocr_par' dir='ltr' id='par_1_5' title="bbox 194 2694 1119 3134">
     <span class='ocr_line' id='line_1_31' title="bbox 225 2694 1117 2759; baseline 0.001 -13"><span class='ocrx_word' id='word_1_253' title='bbox 225 2694 236 2728; x_wconf 64' lang='lat'>2</span> <span class='ocrx_word' id='word_1_254' title='bbox 251 2705 321 2747; x_wconf 76' lang='lat' dir='ltr'>caton</span> <span class='ocrx_word' id='word_1_255' title='bbox 335 2707 451 2759; x_wconf 85' lang='lat' dir='ltr'>d’Utiqne,</span> <span class='ocrx_word' id='word_1_256' title='bbox 460 2709 500 2758; x_wconf 91' lang='lat' dir='ltr'>qui</span> <span class='ocrx_word' id='word_1_257' title='bbox 513 2710 566 2759; x_wconf 75' lang='lat' dir='ltr'>Joua</span> <span class='ocrx_word' id='word_1_258' title='bbox 579 2720 612 2751; x_wconf 86' lang='lat' dir='ltr'>un</span> <span class='ocrx_word' id='word_1_259' title='bbox 624 2709 642 2751; x_wconf 84' lang='lat' dir='ltr'>si</span> <span class='ocrx_word' id='word_1_260' title='bbox 669 2711 771 2751; x_wconf 86' lang='lat' dir='ltr'>meilleur</span> <span class='ocrx_word' id='word_1_261' title='bbox 776 2710 815 2751; x_wconf 85' lang='lat' dir='ltr'>des</span> <span class='ocrx_word' id='word_1_262' title='bbox 822 2709 880 2750; x_wconf 84' lang='lat' dir='ltr'>deux</span> <span class='ocrx_word' id='word_1_263' title='bbox 888 2706 1034 2750; x_wconf 76' lang='lat' dir='ltr'>consumentu</span> <span class='ocrx_word' id='word_1_264' title='bbox 1042 2703 1117 2749; x_wconf 80' lang='lat' dir='ltr'>(Pom-</span> 
     </span>
     <span class='ocr_line' id='line_1_32' title="bbox 195 2767 1117 2822; baseline 0.003 -15"><span class='ocrx_word' id='word_1_265' title='bbox 195 2770 270 2816; x_wconf 76' lang='lat' dir='ltr'>grand</span> <span class='ocrx_word' id='word_1_266' title='bbox 286 2768 334 2812; x_wconf 84' lang='lat' dir='ltr'>rdle</span> <span class='ocrx_word' id='word_1_267' title='bbox 353 2771 408 2814; x_wconf 80' lang='lat' dir='ltr'>dans</span> <span class='ocrx_word' id='word_1_268' title='bbox 425 2772 449 2812; x_wconf 82' lang='lat' dir='ltr'>la</span> <span class='ocrx_word' id='word_1_269' title='bbox 469 2781 551 2821; x_wconf 73' lang='lat' dir='ltr'>guerre</span> <span class='ocrx_word' id='word_1_270' title='bbox 570 2772 642 2814; x_wconf 80' lang='lat' dir='ltr'>civile</span> <span class='ocrx_word' id='word_1_271' title='bbox 669 2767 719 2822; x_wconf 74' lang='lat' dir='ltr'>pte)</span> <span class='ocrx_word' id='word_1_272' title='bbox 737 2781 766 2813; x_wconf 81' lang='lat' dir='ltr'>na</span> <span class='ocrx_word' id='word_1_273' title='bbox 786 2770 889 2822; x_wconf 80' lang='lat' dir='ltr'>pourralt</span> <span class='ocrx_word' id='word_1_274' title='bbox 906 2779 1015 2820; x_wconf 82' lang='lat' dir='ltr'>manquer</span> <span class='ocrx_word' id='word_1_275' title='bbox 1035 2769 1063 2811; x_wconf 87' lang='lat' dir='ltr'>de</span> <span class='ocrx_word' id='word_1_276' title='bbox 1080 2769 1117 2811; x_wconf 88' lang='lat' dir='ltr'>de·</span> 
     </span>
     <span class='ocr_line' id='line_1_33' title="bbox 194 2830 1118 2884; baseline 0.002 -13"><span class='ocrx_word' id='word_1_277' title='bbox 194 2830 268 2880; x_wconf 77' lang='lat' dir='ltr'>Apros</span> <span class='ocrx_word' id='word_1_278' title='bbox 289 2832 351 2874; x_wconf 73' lang='lat' dir='ltr'>avoir</span> <span class='ocrx_word' id='word_1_279' title='bbox 368 2833 444 2884; x_wconf 62' lang='lat' dir='ltr'>esaye</span> <span class='ocrx_word' id='word_1_280' title='bbox 464 2834 491 2875; x_wconf 85' lang='lat' dir='ltr'>de</span> <span class='ocrx_word' id='word_1_281' title='bbox 512 2832 642 2876; x_wconf 74' lang='lat' dir='ltr'>reconcilier</span> <span class='ocrx_word' id='word_1_282' title='bbox 669 2834 739 2884; x_wconf 85' lang='lat' dir='ltr'>venir,</span> <span class='ocrx_word' id='word_1_283' title='bbox 747 2844 792 2875; x_wconf 90' lang='lat' dir='ltr'>une</span> <span class='ocrx_word' id='word_1_284' title='bbox 805 2835 849 2875; x_wconf 79' lang='lat' dir='ltr'>tols</span> <span class='ocrx_word' id='word_1_285' title='bbox 862 2833 997 2882; x_wconf 77' lang='lat' dir='ltr'>rainonem,</span> <span class='ocrx_word' id='word_1_286' title='bbox 1004 2831 1051 2882; x_wconf 82' lang='lat' dir='ltr'>pire</span> <span class='ocrx_word' id='word_1_287' title='bbox 1063 2831 1118 2882; x_wconf 87' lang='lat' dir='ltr'>qu&#39;ll</span> 
     </span>
     <span class='ocr_line' id='line_1_34' title="bbox 194 2892 1059 2947; baseline -0.003 -13"><span class='ocrx_word' id='word_1_288' title='bbox 194 2892 263 2936; x_wconf 73' lang='lat' dir='ltr'>cesar</span> <span class='ocrx_word' id='word_1_289' title='bbox 275 2896 299 2936; x_wconf 80' lang='lat' dir='ltr'>et</span> <span class='ocrx_word' id='word_1_290' title='bbox 310 2895 413 2947; x_wconf 76' lang='lat' dir='ltr'>Pompte,</span> <span class='ocrx_word' id='word_1_291' title='bbox 424 2897 441 2937; x_wconf 93' lang='lat' dir='ltr'>ll</span> <span class='ocrx_word' id='word_1_292' title='bbox 451 2896 498 2947; x_wconf 79' lang='lat' dir='ltr'>prb</span> <span class='ocrx_word' id='word_1_293' title='bbox 511 2899 574 2946; x_wconf 77' lang='lat' dir='ltr'>paru</span> <span class='ocrx_word' id='word_1_294' title='bbox 585 2907 643 2947; x_wconf 89' lang='lat' dir='ltr'>pour</span> <span class='ocrx_word' id='word_1_295' title='bbox 669 2897 748 2938; x_wconf 77' lang='lat' dir='ltr'>n&#39;etslt</span> <span class='ocrx_word' id='word_1_296' title='bbox 761 2905 790 2938; x_wconf 89' lang='lat' dir='ltr'>ou</span> <span class='ocrx_word' id='word_1_297' title='bbox 805 2895 1034 2946; x_wconf 54' lang='lat' dir='ltr'>circumcurrendo.</span> <span class='ocrx_word' id='word_1_298' title='bbox 1047 2899 1059 2931; x_wconf 80' lang='lat' dir='ltr'>r</span> 
     </span>
     <span class='ocr_line' id='line_1_35' title="bbox 195 2950 1119 3010; baseline 0.003 -14"><span class='ocrx_word' id='word_1_299' title='bbox 195 2957 284 2998; x_wconf 86' lang='lat' dir='ltr'>celui-ol</span> <span class='ocrx_word' id='word_1_300' title='bbox 301 2960 325 3000; x_wconf 83' lang='lat' dir='ltr'>et</span> <span class='ocrx_word' id='word_1_301' title='bbox 342 2968 365 3000; x_wconf 79' lang='lat' dir='ltr'>se</span> <span class='ocrx_word' id='word_1_302' title='bbox 383 2961 459 3001; x_wconf 85' lang='lat' dir='ltr'>donna</span> <span class='ocrx_word' id='word_1_303' title='bbox 473 2961 496 2999; x_wconf 78' lang='lat' dir='ltr'>la</span> <span class='ocrx_word' id='word_1_304' title='bbox 510 2961 571 3001; x_wconf 84' lang='lat' dir='ltr'>mort</span> <span class='ocrx_word' id='word_1_305' title='bbox 585 2970 643 3010; x_wconf 87' lang='lat' dir='ltr'>pour</span> <span class='ocrx_word' id='word_1_306' title='bbox 700 2950 711 2984; x_wconf 79' lang='lat'>⁵</span> <span class='ocrx_word' id='word_1_307' title='bbox 734 2958 833 3002; x_wconf 77' lang='lat' dir='ltr'>Ultimas</span> <span class='ocrx_word' id='word_1_308' title='bbox 848 2959 937 3009; x_wconf 76' lang='lat' dir='ltr'>parter,</span> <span class='ocrx_word' id='word_1_309' title='bbox 954 2963 967 2995; x_wconf 73' lang='lat' dir='ltr'><strong>t</strong></span> <span class='ocrx_word' id='word_1_310' title='bbox 987 2959 1008 2998; x_wconf 88' lang='lat' dir='ltr'>le</span> <span class='ocrx_word' id='word_1_311' title='bbox 1029 2953 1119 3001; x_wconf 84' lang='lat' dir='ltr'>dernier</span> 
     </span>
     <span class='ocr_line' id='line_1_36' title="bbox 194 3021 746 3071; baseline 0.004 -14"><span class='ocrx_word' id='word_1_312' title='bbox 194 3026 313 3069; x_wconf 76' lang='lat' dir='ltr'>nepsam</span> <span class='ocrx_word' id='word_1_313' title='bbox 330 3024 454 3062; x_wconf 76' lang='lat' dir='ltr'>acumettre</span> <span class='ocrx_word' id='word_1_314' title='bbox 470 3032 499 3062; x_wconf 82' lang='lat' dir='ltr'>au</span> <span class='ocrx_word' id='word_1_315' title='bbox 516 3023 642 3071; x_wconf 82' lang='lat' dir='ltr'>valnqueur</span> <span class='ocrx_word' id='word_1_316' title='bbox 669 3021 746 3063; x_wconf 80' lang='lat' dir='ltr'>rdle.»</span> 
     </span>
     <span class='ocr_line' id='line_1_37' title="bbox 194 3074 1119 3134; baseline 0.004 -14"><span class='ocrx_word' id='word_1_317' title='bbox 194 3080 223 3120; x_wconf 87' lang='lat' dir='ltr'>de</span> <span class='ocrx_word' id='word_1_318' title='bbox 237 3081 351 3125; x_wconf 81' lang='lat' dir='ltr'>Pharenle.</span> <span class='ocrx_word' id='word_1_319' title='bbox 367 3080 407 3130; x_wconf 88' lang='lat' dir='ltr'>(V.</span> <span class='ocrx_word' id='word_1_320' title='bbox 420 3085 491 3134; x_wconf 68' lang='lat' dir='ltr'>dotat.</span> <span class='ocrx_word' id='word_1_321' title='bbox 505 3081 579 3130; x_wconf 86' lang='lat' dir='ltr'>Xlll.)</span> <span class='ocrx_word' id='word_1_322' title='bbox 700 3074 823 3134; x_wconf 76' lang='lat' dir='ltr'>⁶Sdndque</span> <span class='ocrx_word' id='word_1_323' title='bbox 840 3093 869 3125; x_wconf 86' lang='lat' dir='ltr'>no</span> <span class='ocrx_word' id='word_1_324' title='bbox 881 3084 961 3124; x_wconf 75' lang='lat' dir='ltr'>trouve</span> <span class='ocrx_word' id='word_1_325' title='bbox 977 3091 1018 3132; x_wconf 80' lang='lat' dir='ltr'>pas</span> <span class='ocrx_word' id='word_1_326' title='bbox 1035 3090 1078 3132; x_wconf 86' lang='lat' dir='ltr'>qus</span> <span class='ocrx_word' id='word_1_327' title='bbox 1096 3081 1119 3124; x_wconf 77' lang='lat' dir='ltr'>la</span> 
     </span>
    </p>

    <p class='ocr_par' dir='ltr' id='par_1_6' title="bbox 195 3133 1122 3382">
     <span class='ocr_line' id='line_1_38' title="bbox 228 3133 1118 3198; baseline 0 -14"><span class='ocrx_word' id='word_1_328' title='bbox 228 3133 239 3167; x_wconf 82' lang='lat'>³</span> <span class='ocrx_word' id='word_1_329' title='bbox 258 3143 374 3193; x_wconf 69' lang='lat' dir='ltr'>capessere</span> <span class='ocrx_word' id='word_1_330' title='bbox 391 3147 566 3197; x_wconf 70' lang='lat' dir='ltr'>rempublicam,</span> <span class='ocrx_word' id='word_1_331' title='bbox 585 3151 597 3184; x_wconf 71' lang='lat' dir='ltr'>s</span> <span class='ocrx_word' id='word_1_332' title='bbox 619 3156 642 3187; x_wconf 83' lang='lat' dir='ltr'>se</span> <span class='ocrx_word' id='word_1_333' title='bbox 669 3146 813 3198; x_wconf 69' lang='lat' dir='ltr'>narrabitque,</span> <span class='ocrx_word' id='word_1_334' title='bbox 828 3147 900 3186; x_wconf 75' lang='lat' dir='ltr'>avent</span> <span class='ocrx_word' id='word_1_335' title='bbox 913 3146 936 3185; x_wconf 81' lang='lat' dir='ltr'>la</span> <span class='ocrx_word' id='word_1_336' title='bbox 949 3154 1029 3195; x_wconf 77' lang='lat' dir='ltr'>guerre</span> <span class='ocrx_word' id='word_1_337' title='bbox 1042 3142 1118 3192; x_wconf 85' lang='lat' dir='ltr'>civile,</span> 
     </span>
     <span class='ocr_line' id='line_1_39' title="bbox 195 3197 1122 3260; baseline -0.001 -14"><span class='ocrx_word' id='word_1_338' title='bbox 195 3204 266 3246; x_wconf 78' lang='lat' dir='ltr'>meler</span> <span class='ocrx_word' id='word_1_339' title='bbox 281 3206 319 3246; x_wconf 88' lang='lat' dir='ltr'>des</span> <span class='ocrx_word' id='word_1_340' title='bbox 338 3207 427 3248; x_wconf 80' lang='lat' dir='ltr'>allaires</span> <span class='ocrx_word' id='word_1_341' title='bbox 444 3209 472 3250; x_wconf 83' lang='lat' dir='ltr'>de</span> <span class='ocrx_word' id='word_1_342' title='bbox 489 3197 567 3250; x_wconf 75' lang='lat' dir='ltr'>l&#39;litat.</span> <span class='ocrx_word' id='word_1_343' title='bbox 584 3213 597 3244; x_wconf 88' lang='grc'>))</span> <span class='ocrx_word' id='word_1_344' title='bbox 613 3230 640 3238; x_wconf 94' lang='lat'><em>-</em></span> <span class='ocrx_word' id='word_1_345' title='bbox 669 3208 706 3250; x_wconf 77' lang='lat' dir='ltr'>irin</span> <span class='ocrx_word' id='word_1_346' title='bbox 719 3218 750 3250; x_wconf 89' lang='lat' dir='ltr'>nn</span> <span class='ocrx_word' id='word_1_347' title='bbox 761 3207 850 3250; x_wconf 77' lang='lat' dir='ltr'>thddtre</span> <span class='ocrx_word' id='word_1_348' title='bbox 860 3209 910 3260; x_wconf 80' lang='lat' dir='ltr'>plus</span> <span class='ocrx_word' id='word_1_349' title='bbox 920 3206 986 3257; x_wconf 75' lang='lat' dir='ltr'>digne</span> <span class='ocrx_word' id='word_1_350' title='bbox 1000 3201 1122 3254; x_wconf 58' lang='lat' dir='ltr'>decatum*</span> 
     </span>
     <span class='ocr_line' id='line_1_40' title="bbox 196 3265 1118 3323; baseline 0.01 -17"><span class='ocrx_word' id='word_1_351' title='bbox 196 3267 231 3307; x_wconf 78' lang='lat' dir='ltr'>En</span> <span class='ocrx_word' id='word_1_352' title='bbox 243 3265 345 3309; x_wconf 72' lang='lat' dir='ltr'>blamont</span> <span class='ocrx_word' id='word_1_353' title='bbox 360 3269 431 3310; x_wconf 80' lang='lat' dir='ltr'>caton</span> <span class='ocrx_word' id='word_1_354' title='bbox 444 3270 472 3312; x_wconf 89' lang='lat' dir='ltr'>de</span> <span class='ocrx_word' id='word_1_355' title='bbox 485 3271 508 3310; x_wconf 84' lang='lat' dir='ltr'>le</span> <span class='ocrx_word' id='word_1_356' title='bbox 521 3273 574 3320; x_wconf 78' lang='lat' dir='ltr'>parc</span> <span class='ocrx_word' id='word_1_357' title='bbox 587 3271 642 3319; x_wconf 76' lang='lat' dir='ltr'>quil</span> <span class='ocrx_word' id='word_1_358' title='bbox 668 3271 709 3322; x_wconf 86' lang='lat' dir='ltr'>qul</span> <span class='ocrx_word' id='word_1_359' title='bbox 725 3271 766 3323; x_wconf 80' lang='lat' dir='ltr'>n&#39;y</span> <span class='ocrx_word' id='word_1_360' title='bbox 781 3273 958 3320; x_wconf 70' lang='lat' dir='ltr'>rancoremque</span> <span class='ocrx_word' id='word_1_361' title='bbox 974 3270 1012 3312; x_wconf 80' lang='lat' dir='ltr'>dee</span> <span class='ocrx_word' id='word_1_362' title='bbox 1026 3269 1118 3322; x_wconf 72' lang='lat' dir='ltr'>loturos.</span> 
     </span>
     <span class='ocr_line' id='line_1_41' title="bbox 195 3329 641 3382; baseline 0.011 -12"><span class='ocrx_word' id='word_1_363' title='bbox 195 3337 211 3370; x_wconf 72' lang='lat' dir='ltr'>a</span> <span class='ocrx_word' id='word_1_364' title='bbox 222 3329 281 3379; x_wconf 81' lang='lat' dir='ltr'>prbe</span> <span class='ocrx_word' id='word_1_365' title='bbox 294 3339 339 3372; x_wconf 79' lang='lat' dir='ltr'>aux</span> <span class='ocrx_word' id='word_1_366' title='bbox 356 3331 459 3382; x_wconf 61' lang='lat' dir='ltr'>melros,</span> <span class='ocrx_word' id='word_1_367' title='bbox 476 3330 575 3382; x_wconf 70' lang='lat' dir='ltr'>senique</span> <span class='ocrx_word' id='word_1_368' title='bbox 590 3341 641 3375; x_wconf 86' lang='lat' dir='ltr'>con·</span> 
     </span>
    </p>
   </div>
   <div class='ocr_carea' id='block_1_5' title="bbox 0 0 1252 3758">
    <p class='ocr_par' dir='ltr' id='par_1_7' title="bbox 0 0 1252 3758">
     <span class='ocr_line' id='line_1_42' title="bbox 0 0 1252 3758; baseline 0 0"><span class='ocrx_word' id='word_1_369' title='bbox 0 0 1252 3758; x_wconf 95' lang='lat' dir='ltr'> </span> 
     </span>
    </p>
   </div>
  </div>
 </body>
</html>
