2488 3758
187 305 222 364 98
495 325 521 366 n.
542 325 649 369 loom
674 323 802 368 sennen

184 453 275 524 jerem
286 452 342 510 sibi
352 453 488 510 offensem
506 455 636 529 proponit
650 454 775 528 alicujus
794 469 879 527 quarn
892 452 946 524 est,
957 452 1112 525 etcogitet,

188 549 244 589 non
266 535 403 605 quantum
424 534 514 590 iratus
538 535 588 592 ille
611 537 664 606 sit,
687 536 737 592 sed
759 534 897 608 quantum
924 535 1009 591 liceat
1027 535 1110 590 irato.

187 613 272 670 Nulla
283 615 378 670 autem
390 629 477 671 causa
487 615 554 671 vilse
566 617 610 672 est
620 615 639 685 ¹,
655 615 754 672 nullus
766 615 947 672 miseriarum
960 614 1072 682 modus,
1085 614 1113 670 si

188 693 321 750 timeatur
331 695 468 764 quantum
478 693 659 767 potest².Hic
668 694 819 770 prudentie
829 695 933 768 prosit,
948 695 1000 750 lroc
1013 694 1113 750 robore

188 773 277 829 animi
297 774 455 832 evidentem
477 791 587 848 quoque
604 776 711 831 metum
730 791 852 848 respue:
873 774 898 831 si
916 774 1025 842 minus,
1042 774 1113 830 vitio

188 854 288 910 vitium
302 853 422 927 repelle,
439 871 489 926 spe
501 859 608 911 metum
623 855 760 929 tempero.
775 855 853 912 Nihil
868 856 927 911 tarn
944 855 1053 911 certum
1067 856 1112 910 est

187 951 221 990 ex
244 935 290 991 his
315 951 377 1007 quae
405 935 554 1005 limentur,
580 937 612 992 ut
637 951 694 992 non
715 935 823 992 certius
846 935 884 991 sit
907 937 936 990 et
960 933 1112 991 lormidota

189 1015 337 1071 subsidere
360 1015 388 1070 ct
412 1017 525 1089 sperata
544 1016 683 1089 decipere.
704 1018 778 1086 Ergo
798 1016 826 1072 et
850 1031 930 1088 spem
949 1031 982 1071 ec
1003 1016 1111 1071 melum

188 1094 335 1150 examine³
349 1114 355 1150 :
371 1097 400 1150 et
412 1095 523 1166 quoties
536 1096 647 1152 incerte
657 1097 740 1152 erunt
750 1095 856 1164 omnia,
870 1094 924 1150 tibi
934 1095 997 1152 love
1009 1114 1015 1150 :
1028 1094 1112 1150 crede

189 1175 262 1245 quod
277 1173 378 1229 mavis.
396 1174 426 1230 Si
439 1175 536 1246 plures
551 1175 669 1231 habebis
681 1175 840 1232 sententies
854 1174 967 1232 metus⁴
983 1193 989 1231 :
1004 1173 1112 1230 nibilo-

189 1253 283 1309 minus
302 1253 332 1308 in
355 1253 427 1309 hanc
450 1256 559 1326 partem
583 1255 678 1327 potius
701 1255 821 1323 inclina,
847 1255 875 1310 et
898 1253 1060 1326 perturbare
1081 1254 1111 1310 te

189 1332 297 1390 desine.
315 1333 354 1390 Ac
372 1333 493 1390 subinde
513 1333 610 1391 hocin
625 1336 721 1391 animo
738 1336 834 1404 volve,
850 1335 985 1408 majorem
1001 1335 1112 1407 partem

189 1412 365 1484 mortalium,
379 1431 467 1487 quum
481 1415 526 1470 illi
541 1431 593 1472 nec
604 1415 642 1471 sit
654 1416 809 1488 quidquem
822 1414 901 1484 mali,
914 1429 966 1470 nec
976 1430 1025 1488 pro
1035 1415 1112 1470 certo

189 1495 315 1552 futurum
335 1494 386 1564 sit,
408 1496 531 1551 aestunre
547 1511 580 1552 ac
599 1495 769 1552 discurrere.
792 1497 882 1552 Nemo
901 1495 979 1551 enim
999 1493 1112 1551 resistit

190 1575 258 1644 sibi,
275 1591 361 1648 quum
374 1575 459 1647 coepit
473 1574 612 1648 impelli⁵,
632 1592 685 1632 nec
703 1576 835 1632 timorem
855 1592 939 1632 suum
956 1574 1057 1644 redigit
1073 1574 1110 1630 ed

188 1672 303 1724 verum3
324 1670 406 1711 nemo
421 1655 490 1712 dicit
510 1673 517 1710 ε
540 1677 554 1707 o
574 1657 670 1715 Venus
690 1659 788 1713 auctor
807 1656 866 1727 est,
885 1656 946 1712 baec
963 1656 1010 1712 eut
1027 1653 1110 1709 finxit

188 1737 237 1792 aut
255 1735 385 1792 credidit.
407 1757 420 1787 a>
449 1738 555 1793 Damus
573 1751 625 1792 nos
647 1735 836 1792 referentibus
849 1736 869 1804 ⁰,
895 1733 1111 1808 expavescimus

189 1815 275 1872 dubie
290 1832 339 1888 pro
354 1815 449 1872 certis
464 1817 524 1872 Non
540 1831 687 1872 servamus
704 1815 818 1871 modum
833 1831 928 1871 rerum
942 1822 951 1870 ἐ
969 1814 1066 1870 stetim
1080 1813 1111 1869 in

189 1897 320 1952 timorem
334 1896 413 1952 venit
431 1896 583 1969 scrupulus
591 1895 610 1952 ⁷.
634 1894 725 1952 Pudet
742 1912 787 1951 mc
805 1895 847 1952 sic
865 1895 959 1952 tecum
975 1894 1066 1966 loqui,
1082 1895 1113 1950 et

189 1978 248 2032 tam
260 1975 372 2032 lenibus
387 1976 521 2032 remediis
533 1977 562 2032 te
577 1974 722 2032 focillare⁸
733 1975 830 2032 :Alius
841 1975 917 2030 dicat
932 1993 938 2029 z
954 1996 966 2025 o
978 1975 1112 2030 Fortasse

189 2057 242 2112 hoc
256 2072 313 2112 non
326 2056 432 2114 veniet.
447 2060 514 2114 »Tu
527 2055 588 2113 dic:
604 2077 617 2108 n
634 2055 701 2130 quid
717 2070 813 2130 porro,
829 2055 854 2112 si
869 2053 983 2132 veniet‘l
1000 2053 1112 2116 videbi-

189 2152 253 2194 mus
274 2137 337 2193 uter
357 2137 453 2194 vincet
473 2155 480 2194 :
502 2137 622 2194 fortasse
647 2152 698 2210 pro
724 2153 770 2192 me
791 2135 883 2208 verrit,
906 2137 935 2192 et
954 2150 1030 2192 mors
1049 2133 1112 2208 ipse

220 2355 229 2392 ¹
240 2365 326 2410 lincore
339 2367 362 2410 la
375 2366 442 2410 triste
452 2365 501 2412 ldie
515 2378 565 2419 que,
581 2365 638 2410 dens
696 2354 883 2419 ⁶Reserentitus,
896 2371 909 2405 ι
921 2373 966 2409 nux
976 2363 1070 2408 laiseuns
1083 2365 1112 2409 dn

189 2430 287 2474 corbeius
301 2441 349 2483 cns,
361 2433 386 2473 le
398 2431 434 2474 vie
447 2441 475 2474 ne
489 2435 545 2473 veut
560 2441 600 2481 pes
615 2433 638 2472 le
664 2433 797 2481 repperis.»
812 2453 839 2460 -
855 2432 891 2472 Au
902 2432 949 2472 lien
961 2430 1112 2479 dei-eserentt·

188 2495 253 2546 peine
264 2495 292 2536 de
305 2496 374 2546 vivre,
390 2496 414 2536 ei
426 2505 469 2546 que
477 2493 524 2536 l'ou
536 2504 550 2535 e
563 2493 636 2536 raison
665 2494 717 2544 ban,
730 2504 760 2535 nn
775 2496 857 2535 trouve
872 2493 928 2534 dans
939 2493 1052 2534 certalnes
1067 2491 1112 2533 ddi·

190 2560 217 2600 de
232 2556 437 2600 s'enddberrasser·.
664 2557 725 2597 ilons
747 2557 885 2606 referendos,
901 2557 924 2598 et
942 2555 996 2596 dans
1013 2555 1113 2595 d’sutren

221 2609 232 2642 ²
248 2619 297 2661 S.-e.
312 2621 396 2661 itineri.
663 2622 698 2659 rei
707 2620 888 2669 senescendum
899 2620 919 2660 le
933 2627 982 2659 sens
991 2618 1025 2658 cst
1039 2616 1113 2658 moins

221 2671 373 2734 ³Eaeumv'no,
390 2691 402 2722 u
417 2681 529 2734 examine,
545 2680 603 2732 pene.
624 2681 637 2714 ³)
664 2681 755 2722 laciled
769 2681 840 2722 noislr.

191 2744 236 2790 (cl.
248 2754 343 2786 monzon
360 2755 382 2796 p.
396 2753 516 2796 exanimo,
532 2745 636 2794 balance,
694 2733 705 2768 ⁷
726 2745 756 2784 In
777 2745 883 2786 timorem
901 2743 963 2784 uenit
980 2741 1112 2792 empitius,

188 2805 305 2852 conirble.)
664 2811 677 2842 n
696 2807 716 2846 le
730 2806 831 2848 molndro
851 2807 920 2847 doute
938 2805 1064 2853 scoliunge
1082 2813 1112 2845 en

219 2861 230 2894 ⁴
244 2871 373 2912 Sententiae
386 2872 470 2920 nutris,
487 2879 500 2910 n
513 2871 599 2912 rainone
610 2869 637 2910 de
664 2868 763 2918 trepeur.
776 2873 788 2904 i
802 2891 829 2898 -
845 2869 970 2918 scrupulus
982 2863 1072 2912 (dimin.
1084 2865 1113 2908 de

189 2933 320 2976 ersindre.»
663 2931 858 2982 conoponcailim
869 2926 1113 2980 pointnlslgnlflcpro·

222 2986 373 3046 ‘Montaigne
388 2995 444 3037 rend
454 2995 510 3037 nlnsl
527 2996 550 3036 lo
565 2993 636 3036 meme
663 2996 765 3044 prement
779 2994 849 3044 petite
862 2993 936 3044 pierre
951 2991 1051 3042 pointue,
1063 2991 1112 3032 lor-

189 3056 236 3100 ldde
254 3065 287 3099 :o
305 3059 389 3109 Depuls
403 3069 446 3108 que
466 3058 504 3108 J’ei
522 3059 544 3099 le
560 3059 636 3108 vienne
663 3059 728 3098 moni
743 3058 764 3098 le
780 3057 844 3106 poids
861 3057 920 3105 legal
936 3056 956 3096 lo
971 3055 1022 3105 plus
1040 3052 1113 3095 talble

190 3118 271 3162 ionrnd
284 3129 335 3162 vers
350 3123 371 3162 le
389 3121 494 3170 chagrin,
507 3130 565 3170 pour
578 3123 636 3162 notin
663 3117 1015 3170 (lavlngiqneirlbmepartlede
1024 3114 1115 3168 Pence),

190 3193 255 3224 cause
274 3183 313 3232 qul
332 3184 378 3232 m’y
397 3184 437 3232 apt
459 3184 536 3234 por-te,
556 3183 636 3233 J'irrite
663 3181 715 3223 d'od
730 3184 751 3224 le
769 3191 819 3224 sens
834 3183 861 3223 de
879 3193 885 3223 r
900 3177 1046 3222 «difficultes
1059 3179 1114 3230 pue-

191 3245 303 3285 1'irumeur
321 3245 349 3284 de
366 3254 390 3285 oo
413 3245 473 3285 coste
496 3247 529 3294 lb,
551 3247 590 3294 qul
613 3255 636 3286 so
663 3245 727 3292 mles,
741 3243 861 3286 veulles.»

190 3306 279 3346 nourrii
298 3316 363 3356 epren
381 3308 405 3347 ei
420 3305 543 3356 s'ommern
557 3309 584 3348 de
596 3317 635 3348 son
707 3298 831 3348 ⁸Focttinre
848 3303 886 3352 (u.
901 3302 1014 3356 semum
1032 3300 1113 3346 recon-

190 3369 401 3416 pr·oprebr·nns1e...
416 3373 428 3404 ¹>
440 3365 536 3420 (Essots,
546 3369 583 3411 liv.
593 3370 635 3420 111,
663 3368 741 3421 forier,
752 3374 764 3406 i
777 3379 891 3422 proprem.
905 3367 1080 3408 urdenandum

189 3425 278 3474 cb.1x.)
