2488 3758
310 283 352 326 uu
374 282 539 327 nucrniuu
562 281 729 326 srrsreun
750 281 904 324 nonanus
1034 267 1068 326 81

143 405 204 476 esf,
217 403 332 478 justitia
342 404 465 476 ,virtus,
478 405 681 479 temperantia,
693 403 859 478 prudentia,
869 403 922 460 hoc
932 401 1046 478 ipsum¹
1059 424 1066 462 ε

143 483 217 541 nihil
233 486 338 542 bonum
357 485 457 558 putare
470 485 547 559 quod
563 486 637 559 eripi
653 485 752 559 possit.

177 566 314 624 Miramur
326 566 464 622 animalia
478 565 628 638 quaedam'
647 582 709 638 quae
725 582 774 639 per
789 565 897 622 medios
913 566 994 638 ignes
1007 566 1068 622 sine

142 662 216 703 noxa
233 662 382 719 corporum
394 646 568 704 transeunt:
589 653 693 718 quanto
714 646 761 702 hic
777 646 935 702 mirabilior
950 647 1003 716 vir,
1020 647 1068 718 qui

141 727 313 799 perferrem
328 727 357 782 et
377 727 477 784 ruinas
492 729 521 784 et
534 727 617 798 ignes
632 727 742 783 illaesus
757 728 786 782 et
799 726 942 782 indemnis
961 727 1065 783 evasit!

141 807 230 866 Vides
249 806 355 880 quanto
370 807 484 864 facilius
500 806 634 864 sittotam
647 809 760 877 gentem
773 823 857 879 quani
873 823 961 862 unum
975 806 1066 862 virum

141 885 275 944 vincere?
293 890 360 944 Haec
379 903 433 943 vox
452 887 497 944 illi
515 887 674 944 communis
694 889 738 942 est
758 903 822 943 cum
843 887 930 944 stoico
942 887 963 943 ³.
980 890 1068 958 AEque

139 969 170 1024 et
190 967 238 1023 hic
262 967 368 1024 intacta
382 967 455 1024 bona
474 983 526 1042 per
547 969 740 1024 concrematas
756 968 840 1022 urbes
857 968 918 1022 fert.
940 968 976 1024 Se
990 968 1067 1022 enim

141 1048 205 1122 ipso
220 1048 370 1105 contentus
384 1050 445 1118 est;
469 1049 523 1105 hoc
541 1048 708 1105 felicitatem
724 1063 805 1104 suam
827 1046 906 1103 fine⁴
924 1047 1066 1118 designat.

175 1129 217 1184 Ne
245 1127 394 1184 existimes
416 1144 469 1185 nos
494 1128 570 1185 solos
595 1143 733 1199 generosa
752 1128 839 1184 verba
859 1129 966 1199 jactare
980 1127 1013 1183 ⁵:
1039 1128 1068 1183 et

141 1207 204 1280 ipse
228 1207 368 1281 stilponis
397 1209 560 1280 objurgator
582 1209 722 1281 Epicurus
748 1208 873 1264 similem
897 1207 942 1264 illi
966 1224 1067 1264 ¹nocem

140 1286 253 1354 emisit;
275 1303 360 1358 quam
378 1288 411 1343 tu
433 1287 501 1344 boni
516 1289 633 1344 consule
642 1287 663 1356 ⁶,
684 1288 799 1344 etiamsi
819 1288 896 1343 hunc
913 1287 989 1343 diem
1007 1288 1066 1359 jam

140 1367 267 1440 expunxi
281 1365 313 1424 ⁷:
334 1366 369 1424 si
383 1366 450 1438 cui,
469 1368 578 1440 inquit,
598 1384 656 1422 suo
673 1383 736 1422 aon
761 1367 902 1422 uidentur·
915 1365 1067 1439 amplissi-

140 1463 208 1514 mo,
224 1445 290 1503 licet
311 1445 402 1503 totius
422 1448 535 1504 mundi
547 1447 692 1504 dominus
710 1446 765 1513 sit,
791 1451 892 1502 tomen
905 1447 1064 1502 miserest.

139 1527 211 1596 Vel,
236 1527 260 1582 si
273 1526 327 1583 hoc
341 1527 424 1584 modo
441 1527 493 1585 tihi
513 1527 617 1584 melius
638 1527 782 1584 enuntiari
804 1527 916 1583 vidctur
932 1527 973 1597 (id
989 1525 1065 1582 enim

140 1605 281 1678 agendum
300 1608 345 1663 est
370 1610 476 1664 utnon
495 1608 589 1665 verbis
608 1608 767 1663 serviamus
792 1607 841 1662 sed
867 1606 1001 1663 sensibus
1013 1606 1064 1678 ⁸l:

140 1686 301 1753 Miserest,
310 1687 364 1759 qui
378 1704 407 1743 se
417 1704 479 1744 uon
492 1686 698 1744 beatissimum
710 1686 845 1759 judicat,
859 1687 925 1743 ticet
937 1686 1066 1759 imperet

140 1767 268 1823 mundo.
288 1798 324 1809 -
347 1769 383 1825 ut
404 1768 479 1826 scias
498 1769 594 1824 autem
612 1767 662 1823 hos
679 1783 781 1823 sensus
803 1783 967 1823 communes
985 1783 1063 1835 esse,

140 1848 242 1904 nature
254 1847 366 1904 scilicet
380 1846 518 1952 diffitente,
535 1847 609 1922 apud
625 1847 736 1920 poetam
754 1847 895 1903 comicum
909 1846 1040 1903 invenies
1057 1867 1064 1904 ι

235 1975 294 2027 Non
308 1982 347 2028 est
360 1977 462 2039 heatus,
476 1991 534 2028 esse
548 1991 576 2027 se
591 1977 636 2042 qui
651 1991 704 2026 nou
718 1979 800 2042 putet.

140 2097 215 2167 Quid
230 2097 308 2154 enim
332 2098 418 2154 refert
439 2097 535 2170 qualis
556 2097 649 2154 status
669 2097 737 2153 tuus
756 2095 808 2165 sit,
825 2095 850 2153 si
874 2095 928 2152 tibi
952 2095 1066 2152 videtur

139 2176 254 2234 malus‘l
268 2209 304 2219 -
323 2199 336 2228 a
355 2177 429 2246 Quid
444 2194 525 2250 ergo,
542 2177 653 2250 inquis,
671 2176 696 2234 si
716 2177 830 2233 beatum
846 2192 877 2232 se
895 2175 999 2232 dixerit
1016 2175 1065 2232 ille

140 2255 281 2330 turpiter⁹
299 2256 393 2326 dives,
409 2259 449 2318 ‚et
467 2257 518 2314 ille
537 2257 692 2314 multorum
705 2257 853 2326 dominus,
866 2257 924 2312 'sed
939 2257 1065 2328 plurium

140 2355 242 2396 servus
250 2337 281 2407 ¹⁰,
297 2338 397 2394 beatus
413 2354 465 2395 sua
480 2339 622 2395 sententia
631 2337 650 2372 ¹¹
666 2337 734 2393 fiet?
744 2369 780 2379 -
796 2339 873 2407 Non,
889 2337 957 2408 quid
972 2337 1063 2404 dicet,

170 2508 238 2561 ¹Hoc
248 2521 339 2569 tpmm,
353 2527 366 2558 a
379 2528 404 2560 ce
415 2519 522 2569 principe.
537 2523 549 2554 θ
615 2515 682 2568 rape,
696 2515 765 2559 effect
783 2512 913 2567 (ceptam)
929 2525 954 2557 ce
974 2517 1026 2565 leur
1037 2516 1064 2556 dc

170 2572 183 2606 ²
196 2580 297 2632 seneque
309 2584 366 2626 veut
379 2582 458 2632 parler
472 2581 588 2632 probahis
615 2590 663 2622 mes
675 2579 784 2621 tabiettes
799 2579 827 2620 de
840 2577 953 2628 debitam,
965 2582 978 2613 ι
988 2576 1063 2621 e.-t·d.

139 2646 203 2687 ment
223 2645 262 2686 des
278 2645 439 2687 salamandras.
453 2642 495 2689 (V.
517 2645 588 2692 Pllne‚
616 2644 739 2693 «quotque
751 2641 802 2693 J’ale
815 2639 866 2690 dela
878 2640 937 2692 payt
949 2651 987 2681 ma
1000 2641 1064 2681 dette

139 2707 173 2758 X,
184 2717 262 2758 nxvu,
276 2704 376 2751 nxxxvn)
615 2706 647 2747 du
664 2707 715 2755 iour
735 2711 760 2757 r,
779 2714 808 2747 en
830 2704 946 2746 citantis
965 2705 1064 2746 maxime

171 2760 253 2812 ³0um
267 2772 348 2820 stoico,
360 2778 373 2809 c
386 2778 440 2810 aveo
453 2768 474 2809 le
491 2769 587 2818 philoso-
615 2767 745 2810 d‘Hecatou.

139 2834 182 2883 pire
201 2832 294 2874 atofcien
314 2842 343 2875 en
362 2829 490 2882 general.)
509 2853 536 2861 -
554 2831 587 2872 On
646 2821 657 2854 ⁸
675 2832 703 2872 Ut
721 2840 770 2871 uon
787 2829 861 2871 verbts
880 2829 1007 2870 serviamus
1024 2827 1063 2868 seul

138 2894 203 2946 prete
216 2896 275 2939 aussi
290 2896 314 2936 la
327 2893 400 2936 meme
412 2893 487 2944 parole
501 2893 515 2934 1
527 2894 587 2944 Bias,
614 2895 752 2946 senectam
766 2902 810 2941 qne
823 2900 881 2934 nous
895 2901 923 2932 ne
936 2899 1063 2940 soyonspas

138 2957 186 2999 l’un
202 2957 241 2999 des
256 2959 306 3007 sept
316 2967 387 3007 seges.
614 2957 713 2997 esclaves
722 2955 759 2996 des
766 2956 833 3005 mets,
842 2955 900 2996 mals
909 2954 937 2996 de
944 2954 966 2994 la
974 2952 1062 3004 peruste,

169 3011 243 3062 ⁴Eoo
255 3023 303 3071 flue
321 3020 438 3074 destouot,
453 3025 466 3057 ι
482 3018 498 3059 il
512 3016 586 3061 deter-
614 3019 645 3060 du
656 3023 737 3060 sens.»

139 3081 223 3124 mirrea
236 3084 295 3124 oettc
310 3091 404 3124 mesure.
416 3088 428 3119 1>
645 3071 656 3104 9
671 3081 784 3130 Turpiter,
797 3077 1063 3120 «promeruimus»

170 3135 181 3170 ⁶
196 3145 308 3188 Generosa
325 3145 392 3186 aerbo
401 3145 500 3196 laetare,
511 3149 523 3182 a
538 3143 587 3196 pre·
645 3131 666 3166 ¹⁰
679 3143 790 3184 Plautum
800 3151 884 3192 seruare,
893 3142 1001 3182 osseisve
1010 3139 1063 3182 d’un

139 3207 191 3250 cher
204 3208 233 3249 ds
246 3208 316 3250 belles
327 3208 441 3250 maximus.
455 3213 468 3244 e
614 3206 664 3257 pius
678 3205 751 3256 grand
762 3205 856 3246 nombre
867 3203 918 3250 (deu
931 3203 1030 3245 hommes
1039 3204 1063 3244 et

169 3259 181 3295 ⁶
203 3271 265 3312 Boni
283 3271 410 3321 camatero,
433 3275 446 3308 a
469 3269 527 3310 taire
546 3279 587 3311 son
613 3269 641 3310 de
654 3279 689 3310 ses
701 3263 845 3318 passionom

139 3333 217 3384 profit,
230 3332 291 3374 tenir
303 3333 347 3374 bon
361 3333 479 3382 compte.»
644 3321 662 3355 ¹¹
676 3333 724 3373 Sua
742 3331 865 3381 seutentta,
880 3337 892 3369 a
907 3338 935 3370 en
953 3328 1021 3371 vertu
1033 3327 1062 3370 de

169 3385 180 3421 ⁷
199 3395 280 3438 initiet.
303 3408 309 3439 ι
327 3401 339 3433 (f
357 3396 453 3447 quoique
469 3394 519 3450 sale
537 3394 587 3446 dela
599 3419 600 3423 =
614 3404 654 3436 son
667 3395 776 3446 srrssrage,
786 3403 826 3436 sur
835 3403 861 3436 aa
875 3393 985 3445 parole.»
