2488 3758
217 291 220 294 ι
307 235 904 280 sonuciurnmssrsnsunuonsnns
1034 223 1080 281 63-

137 375 193 416 nes
205 359 302 430 potius
316 357 445 426 miretur,
457 373 544 429 quam
556 355 784 432 supeltectilem¹
797 359 934 414 nostram.
946 360 1078 428 Magnus·

137 439 193 495 iile
206 439 265 506 est,
277 436 326 509 qui
340 435 477 493 fictilibus
485 435 499 471 ¹
508 436 552 493 sic
564 437 666 508 utitur,
677 438 916 510 quemadmodum
928 440 1046 510 argento
1060 455 1067 494 i

137 535 192 575 nec
205 517 258 574 ille
279 515 373 573 minor
391 517 436 574 est
455 517 504 590 qui
527 517 569 573 sic
588 520 705 588 argento
724 517 815 575 utitur
832 517 1071 590 quemadmodum

138 596 290 654 fictilibus.
303 595 412 652 Infirmi
427 597 516 652 animi
534 597 592 665 est,
607 597 667 670 pati
679 613 735 653 non
749 614 834 672 posse
847 598 974 662 divitias,

173 677 245 745 Sed,
269 676 302 732 ut
318 675 404 748 hujus
419 691 531 749 quoque
550 677 608 732 diei
627 676 783 734 lucellum³
797 680 892 735 tecum
910 677 1070 734 commuui-

87 777 92 782 ·
137 774 214 826 cem,
227 756 305 830 apud
316 756 507 813 Hecatonem⁴
519 759 648 814 nostrum
659 756 759 814 inueni
766 759 957 830 cupiditatum
967 757 1069 814 finsm⁵

136 837 227 893 eiiam
250 835 288 892 ad
307 836 420 892 timoris
441 835 568 893 remedie
593 837 740 909 proficere.
770 837 939 906 «Detineo,
962 837 1065 909 inquit

137 918 261 984 timere,
274 915 304 972 si
319 933 440 988 sperare
458 915 593 972 desieris.
617 937 637 966 e,
651 917 753 974 Dices:
773 918 918 985 Quomodo
933 917 990 973 ista
1010 920 1067 974 mm

136 997 257 1053 diverse
266 995 391 1069 pariter-⁶
405 995 491 1052 sunt?
506 999 593 1053 -lte
605 999 668 1064 esi,
676 997 718 1052 mi
730 997 821 1054 Lucili
833 1018 839 1052 :
854 1013 941 1069 quum
953 997 1069 1053 videsn-

136 1077 186 1132 tur
199 1075 356 1144 dissidere,
372 1075 523 1148 conjuncta
542 1077 620 1132 sunt.
637 1076 882 1144 Quemadmodum
900 1076 1001 1133 eodem
1019 1093 1068 1132 ca·

135 1157 205 1212 tene
219 1156 248 1212 et
262 1156 421 1212 custodiam
436 1157 464 1212 et
476 1155 602 1212 militem
614 1156 744 1228 copulet⁷
762 1173 768 1209 ε
787 1157 828 1213 sic
842 1157 912 1226 ists,
932 1173 996 1229 quae
1010 1159 1068 1212 tom

137 1235 1068 1310 di'ssimiliasunt,periter⁸inceduntSpemmetnsseqnituntiec

136 1316 228 1371 miror
236 1316 293 1373 iste
305 1316 397 1372 sicire
406 1333 412 1384 ;
421 1317 574 1389 utrumque
582 1316 733 1389 pendentis
742 1317 908 1386 animuum,
916 1317 1071 1389 utrumque

136 1395 228 1452 futuri
245 1395 456 1468 exspectatione
477 1395 642 1452 sollicitum.
665 1397 788 1454 Maxima
807 1398 903 1452 autem
918 1397 1067 1467 utriusque

137 1490 228 1531 causo
243 1477 298 1544 est,
311 1474 385 1547 quod
399 1491 456 1532 non
466 1475 502 1532 ad
514 1476 664 1549 praeseniin
676 1476 807 1548 aptemur
817 1475 846 1545 ¹⁰,
859 1475 909 1531 sed
919 1476 1068 1547 cogitatio-

137 1553 636 1629 nesteiengmquapraemiutmuess.
648 1557 748 1628 Itaque
755 1555 970 1629 providentie¹¹‚
978 1555 1077 1612 merri*

135 1650 219 1691 mum
229 1634 333 1691 bonum
344 1635 516 1692 conditionis
526 1635 702 1705 humanae‚in
713 1636 820 1692 malum
831 1652 915 1693 verse
924 1637 978 1693 est.
990 1638 1067 1692 Ferae

138 1712 278 1788 pericula,
290 1730 352 1786 quae
363 1715 606 1786 vident,iugiuut;
620 1730 707 1786 quum
716 1715 852 1784 effugere,
864 1730 971 1770 securae
983 1715 1065 1770 sunt:

138 1807 193 1848 nos
206 1793 235 1850 et
248 1795 367 1850 uenturo
379 1795 552 1867 torquemur,
563 1795 593 1852 et
604 1792 758 1866 preterito.
774 1792 862 1851 Multo
877 1792 951 1850 bona
969 1793 1067 1848 nostra

170 1957 180 1989 ¹
195 1965 358 2014 supellectitem
373 1964 412 2008 (R.
425 1975 501 2016 super,
518 1960 588 2014 ispo),
616 1966 637 2006 le
651 1963 749 2013 gerunt.
757 1964 777 2005 Il
786 1974 814 2005 en
823 1964 861 2005 tut
870 1963 928 2005 ainsi
935 1973 993 2014 pour
1004 1965 1067 2010 saint

139 2037 165 2070 oe
183 2029 223 2079 qui
235 2030 291 2078 peut
309 2026 357 2068 dtre
369 2028 481 2078 ramesse,
495 2027 589 2068 omnbi·
616 2027 675 2068 Peui
686 2026 766 2072 (Acies
777 2021 925 2077 desipuisse,
937 2024 1068 2076 eh.xxv11).

139 2090 190 2140 ner,
204 2096 217 2126 n
231 2099 274 2140 par
286 2089 413 2140 opposition
425 2088 439 2131 d
451 2100 476 2131 ce
489 2091 529 2140 qui
544 2090 590 2130 tait
649 2080 660 2113 ⁸
673 2089 771 2139 Pariter,
786 2090 840 2130 adu
852 2089 924 2130 memo
936 2093 1004 2138 pas.»

140 2161 206 2201 corps
218 2161 273 2193 aveo
286 2152 310 2192 ie
323 2151 416 2194 maison.
649 2141 660 2175 ⁹
675 2152 799 2192 Pendentis
812 2153 898 2202 animi,
915 2151 1004 2193 cd'une
1016 2149 1067 2194 dms

173 2203 332 2265 *retostus
341 2213 597 2264 ‹measse-gues-
617 2214 657 2263 qes
669 2214 771 2265 emese,
787 2213 927 2256 seuerae»

140 2275 302 2327 (appulus,
323 2276 457 2327 opotierA
474 2276 534 2318 ceint
550 2276 591 2326 qai
648 2265 737 2317 miiioa
757 2279 790 2318 au
802 2279 927 2326 presence
947 2280 1066 2328 aptemur,

141 2339 226 2391 petrit,
238 2339 336 2391 taponns
350 2335 439 2390 (fluuii)
453 2336 558 2388 l'srgiie.)
619 2343 631 2374 <i
645 2348 701 2379 nous
715 2348 742 2379 ne
756 2349 813 2380 nous
822 2341 941 2380 nitachons
955 2348 1067 2390 pessmus

175 2393 374 2451 ³cuaquepensee
381 2401 453 2452 flaute
465 2401 503 2441 des
512 2402 592 2442 lettres
618 2411 647 2440 ne
660 2410 716 2440 nous
731 2402 900 2441 accommodem
917 2411 955 2450 pes
970 2411 1000 2441 au
1018 2400 1066 2450 pre·

141 2465 178 2506 est
190 2462 319 2505 condoleres
332 2473 417 2506 comme
430 2472 475 2504 nne
488 2463 591 2513 cubatum,
619 2464 676 2504 sent.
690 2464 703 2494 1)
719 2462 805 2510 Aptare
823 2463 857 2504 est
875 2464 896 2502 is
916 2461 1067 2512 rreqnentatu

141 2536 176 2568 nn
183 2527 244 2576 petit
256 2525 308 2574 gam
318 2523 591 2575 (turritummeluerum),
619 2525 651 2565 du
664 2524 815 2565 vicuu=verbe
829 2533 902 2573 apere.
917 2521 966 2569 (Oi.
982 2515 1066 2576 ἄπτω,

141 2597 201 2639 pour
211 2588 320 2630 Lucilius
619 2587 784 2636 undisoherrs
801 2587 869 2636 qn'en
886 2589 992 2628 retrouue
1009 2587 1067 2629 daus

172 2641 183 2674 ⁴
199 2650 314 2701 Hecaton,
331 2651 439 2700 stoicieu,
456 2649 485 2690 nd
502 2649 523 2692 1,.
534 2650 592 2691 Rho·
618 2650 704 2699 copulo,
716 2650 871 2699 pec-apulo,
887 2649 965 2700 «onir,
975 2650 1066 2691 enchei-

142 2713 192 2762 dcs,
211 2713 303 2763 incipis
321 2713 349 2754 de
364 2711 480 2754 Panotios.
498 2713 596 2754 ciceron.
617 2713 692 2762 neni>
712 2715 736 2753 et
755 2713 813 2753 deus
832 2713 947 2762 beaucoup
966 2713 1066 2754 d’sutres

141 2775 185 2816 cite
199 2776 296 2817 souvent
311 2783 346 2816 sss
364 2785 485 2824 ouvrages,
502 2776 591 2824 aujour-
618 2771 752 2824 compesce.)

142 2837 210 2878 duni*
220 2838 311 2888 perdes.
324 2836 345 2877 il
360 2837 433 2882 vivait
447 2847 476 2880 uu
489 2845 517 2878 nr
526 2837 591 2878 siieio
649 2827 668 2861 1¹
681 2837 860 2886 Prmuittimas,
876 2842 889 2872 o
904 2845 960 2877 noos
973 2836 1071 2888 iuncone

142 2909 180 2942 su,
191 2899 251 2942 teti.
618 2909 647 2942 eu
659 2901 809 2941 avenam*
820 2899 897 2940 Pascat
915 2909 929 2938 a
940 2899 976 2940 dit
991 2900 1066 2941 aussi:

174 2951 185 2986 ⁵
201 2963 284 3003 Piscem
299 2963 468 3013 cupiditatum,
484 2963 534 3002 ils
547 2962 591 3012 tin,
619 2967 630 2998 u
642 2961 703 3002 Nous
717 2971 747 3003 ne
762 2963 843 3002 tenone
855 2962 935 3010 Jameis
949 2972 978 3002 au
993 2963 1066 3012 temps

94 3043 99 3050 ·
141 3023 285 3066 l'extinction
298 3024 337 3064 des
351 3023 455 3066 disits.»
619 3023 730 3074 present:
751 3033 807 3064 nous
826 3023 952 3073 anticipons
973 3024 1066 3065 I’avenir

173 3077 184 3110 ⁶
199 3087 291 3128 Pariter
298 3088 368 3128 suisti
378 3088 503 3129 cont-sues
513 3087 591 3127 detels
618 3095 707 3128 comme
721 3088 773 3135 trop
793 3087 846 3134 long
864 3085 878 3126 d
897 3086 994 3136 venir...;
1009 3097 1065 3127 nous

140 3150 261 3200 rapports,
277 3147 489 3192 succurrent-euos
504 3157 590 3191 ensem·
618 3158 696 3190 errons
710 3149 766 3189 dans
780 3149 812 3189 les
824 3151 900 3198 temps
911 3149 949 3198 qui
967 3159 996 3188 ne
1012 3150 1066 3188 soni

141 3212 195 3252 bie?
210 3215 223 3246 1)
619 3220 660 3262 pas
674 3219 760 3252 encore
774 3215 786 3246 1>
892 3206 1018 3255 (Peneios.)

172 3264 183 3296 ⁷
196 3273 255 3314 Chen
267 3274 298 3314 ies
308 3273 421 3324 Romaim,
430 3275 452 3314 le
463 3273 592 3324 prisonnier
648 3262 669 3297 ¹²
680 3273 840 3324 metuentia,
851 3271 1066 3324 «reprimentes

140 3333 199 3376 itsit
209 3336 296 3386 perrois
307 3335 420 3378 enchsine
428 3346 458 3378 sn
467 3337 543 3378 soluat
551 3338 590 3387 qui
