2488 3758
287 253 330 296 sn
352 251 519 294 uucrnrnn
543 253 710 296 aarsrocs
733 255 885 299 noricus
1016 239 1050 302 dl

461 722 666 782 EPISTOLA
689 721 715 780 V

122 901 169 952 De
180 899 400 963 philosophiae
414 901 631 951 ostentatione
645 899 728 953 etde
741 912 820 954 vera
832 902 1049 968 philosophis.

121 1085 246 1128 sonim
266 1095 273 1126 r
291 1083 326 1127 llo
337 1093 376 1135 pos
389 1084 466 1125 unlter
479 1093 515 1126 ωε
527 1081 669 1137 philosophos
682 1086 722 1136 qul
735 1085 787 1128 tout
801 1087 911 1129 oomlator
924 1089 948 1130 la
962 1099 1051 1140 sagmas

154 1145 267 1197 eportet
286 1155 332 1187 nne
349 1146 421 1188 barbe
437 1145 535 1188 henne
551 1149 575 1188 et
593 1148 632 1189 des
649 1147 749 1190 choram
770 1149 842 1199 longa.
861 1150 904 1192 Pas
922 1151 951 1194 do
969 1151 1051 1195 denote

153 1208 268 1259 negliges,
279 1217 319 1258 pas
333 1207 361 1249 de
374 1208 429 1250 mles
441 1208 587 1260 recherchee3
600 1220 624 1251 se
638 1210 765 1253 conformer
778 1210 792 1252 l
805 1211 896 1263 l'usase.
910 1214 991 1268 Vltro,
1004 1224 1051 1258 non

154 1281 195 1322 pas
208 1272 341 1313 antrermat
353 1271 411 1312 matt
421 1271 501 1313 attam
511 1281 555 1321 qne
568 1273 591 1314 le
603 1272 714 1322 vulgaire.

159 1443 242 1514 Quod
257 1444 441 1519 pertinaciter
456 1444 570 1513 studes,
585 1445 616 1500 et
627 1445 760 1503 omnibus
770 1446 888 1503 omissis
898 1448 952 1505 hoc
963 1465 1052 1505 unum

122 1525 199 1597 agis,
215 1527 249 1582 ut
264 1526 290 1579 le
305 1523 450 1580 meliorem
465 1524 593 1596 qnotidie
605 1525 707 1594 iacias,
724 1528 752 1582 el
771 1526 858 1600 probo
876 1530 905 1584 et
921 1528 1050 1600 gaudeo:

122 1620 175 1661 nec
194 1605 308 1661 lantum
324 1603 430 1673 hortor,
449 1605 481 1659 ut
504 1620 682 1677 perseveres,
704 1605 856 1663 sedetiam
878 1624 954 1680 rogo.
977 1607 1052 1665 lllud

122 1686 219 1741 autem
239 1683 268 1739 te
287 1683 439 1750 admoneo,
460 1699 496 1739 ne
514 1699 612 1739 eorum
632 1700 723 1754 more,
745 1686 793 1757 qul
818 1702 873 1741 non
900 1687 1051 1760 proficere¹

123 1765 173 1822 sed
188 1763 316 1836 conspici
331 1763 465 1836 cupiunt,
482 1763 570 1819 iacias
584 1763 695 1834 aliqua,
706 1780 769 1836 quae
784 1765 814 1819 in
826 1765 927 1821 habitu
942 1769 990 1823 luo
1002 1768 1052 1824 aut

122 1859 227 1916 genere
243 1843 309 1898 vitae
324 1841 480 1898 notabilia²
490 1842 558 1898 sint.
571 1843 711 1916 Asperum
722 1842 849 1900 cultum³
861 1844 889 1899 et
905 1847 1052 1902 intonsum

122 1926 222 1997 caput,
248 1923 277 1978 et
295 1921 531 1992 negligentiorem
554 1922 686 1991 barbam,
708 1925 738 1978 et
756 1922 916 1979 indictum⁴
935 1927 1052 1996 argento

122 2004 235 2070 odium,
251 2003 279 2058 et
296 2001 390 2058 cubile
406 2002 487 2058 humi
502 2003 641 2076 positum,
662 2005 691 2058 et
710 2001 848 2075 quidquid
867 2004 946 2062 aliud
962 2006 1052 2063 ambi-

122 2081 249 2140 tionem⁵
264 2081 416 2155 perversa⁸
431 2082 478 2137 via
495 2083 633 2154 sequitur,
650 2083 735 2138 evita.
751 2083 827 2139 Satis
842 2085 938 2157 ipsum
948 2102 1051 2144 nomen

122 2161 328 2237 philosophie,
340 2162 428 2217 etiem
440 2161 465 2218 si
480 2162 607 2218 modeste
622 2164 759 2219 tractetur
768 2163 788 2233 ⁷,
801 2163 975 2223 invidiosum
985 2169 1049 2225 est:

122 2243 201 2316 quid,
215 2242 241 2298 si
249 2257 302 2298 nos
311 2240 460 2297 hominum
472 2242 673 2298 consuetudini
682 2244 851 2316 ceperimus
861 2246 1050 2320 excerpere⁸i

122 2323 203 2379 lutus
223 2321 320 2378 omnia
339 2320 495 2376 dissimilia
515 2321 574 2377 sint
591 2341 598 2377 :
615 2322 693 2377 frons
713 2325 810 2378 nostra
827 2324 931 2396 populo
951 2341 1052 2383 couve-

122 2401 211 2456 niatl’.
229 2403 290 2454 Non
306 2399 455 2470 splendeat
469 2401 535 2469 toga
546 2419 553 2455 :
566 2417 602 2455 ne
612 2401 725 2456 sordeat
735 2402 860 2471 quidem.
874 2406 935 2457 Non
947 2405 1051 2462 lrabea-

123 2497 188 2538 mus
202 2479 362 2550 argeutum,
375 2478 405 2533 in
421 2478 495 2550 quod
512 2479 597 2535 solidi
607 2480 668 2536 auri
680 2479 816 2535 caelatura
826 2481 1048 2541 descenderit¹⁰z

153 2651 163 2686 ¹
176 2660 300 2711 Proficere,
318 2665 331 2695 ‹
345 2658 403 2700 taire
416 2659 455 2700 des
469 2657 573 2709 progrea,
632 2649 643 2683 θ
654 2659 765 2700 Perperna
775 2661 827 2711 ala,
843 2670 898 2704 aun
910 2663 998 2704 chemin
1011 2664 1051 2715 qul

123 2728 251 2773 araneam
261 2723 360 2771 correptet
364 2748 370 2771 ,
381 2728 426 2764 (se
434 2721 490 2762 taire
499 2722 573 2762 volnt
600 2732 629 2763 ne
640 2720 705 2763 mene
714 2732 755 2773 pas
766 2733 795 2763 an
807 2725 878 2764 but.»

155 2777 166 2810 ²
180 2785 314 2833 Notobtlto,
333 2790 346 2820 (
360 2783 476 2832 otranges,
494 2784 533 2833 qui
550 2793 573 2824 se
631 2775 751 2826 ⁷«Meme
765 2785 866 2834 lorsqu'll
879 2789 914 2827 est
923 2787 1050 2836 porteavar

124 2847 176 2889 tout
184 2846 573 2895 remarcuer.)-Haottaaludlque
600 2847 740 2888 modestia»
784 2887 786 2890 .

124 2907 266 2958 l'extcrleun
279 2917 351 2958 aenas
362 2909 414 2949 otta
422 2909 446 2948 la
457 2909 573 2958 coadulta,
632 2899 643 2932 ⁸
658 2909 821 2950 consectantur
837 2919 860 2950 ee
869 2919 994 2963 scalpere,
1004 2919 1017 2950 a
1026 2923 1050 2956 aa

123 2972 147 3012 la
158 2969 259 3012 muniere
271 2969 350 3018 d'agir.
600 2972 722 3012 constratae
736 2970 749 3012 n
762 2972 854 3019 l’usage.
870 2978 882 3008 r

155 3025 165 3058 ³
179 3033 252 3084 Asper
269 3034 355 3082 cultas,
375 3039 387 3070 t
405 3041 450 3073 uuo
467 3031 522 3074 mise
541 3031 573 3073 se·
633 3023 643 3056 ⁹
657 3039 670 3069 <t
683 3033 730 3080 tine
744 3034 764 3074 le
779 3033 860 3074 donors
869 3035 923 3076 chen
936 3047 994 3079 nous
1005 3049 1050 3080 res·

124 3094 176 3138 vire
190 3106 219 3136 ou
231 3094 363 3144 negliges.»
601 3096 683 3136 semble
697 3094 711 3134 l
724 3095 781 3136 calui
796 3096 826 3136 du
840 3100 928 3147 peuple.
942 3104 955 3135 r

155 3149 305 3198 ‘’ladtctrtm
325 3159 417 3208 odium,
440 3133 573 3200 sereniori
633 3145 676 3193 ¹⁰«
691 3157 890 3206 Pasd'argonlerle
904 3163 1050 3212 surlaquelle
1091 3177 1095 3188 ·

124 3218 257 3262 decurio.»
600 3219 672 3260 solent
691 3229 774 3260 tenues
792 3219 924 3266 s'incrustor
940 3224 979 3265 des
995 3226 1049 3266 olse-

156 3273 289 3332 ⁵Ambttta
306 3287 318 3318 t
331 3281 391 3323 distr
407 3283 434 3324 de
448 3281 530 3335 plalre,
545 3283 573 3324 de
601 3283 662 3324 lares
675 3291 704 3325 en
717 3291 743 3324 or
753 3283 861 3325 messit.»

124 3342 224 3398 s'tlever,
238 3343 309 3387 d’itre
320 3343 439 3388 considers.
450 3350 463 3383 a

895 3421 924 3476 2.
