2488 3758
157 163 192 221 tl
466 181 493 222 n.
513 181 620 224 asnar
643 180 774 226 sussen

157 299 240 356 nobis
255 302 373 370 nocent;
389 300 501 358 timoris
516 301 593 358 enim
611 301 785 358 tormentum
804 301 941 358 memoria
959 300 1083 372 reducit,

157 379 334 518 prosilientia
356 381 503 454 anticipat.
529 383 618 438 Nemo
642 381 754 437 tantum
779 381 969 453 praesentibus
995 381 1085 438 miser

157 474 188 516 es
221 501 228 514 .
264 475 320 522 ae,

189 660 360 712 tilmannus.
375 685 406 700 -
422 660 590 728 Montaigne,
608 675 671 712 aveo
691 675 740 712 son
755 660 808 713 bon
823 676 883 713 sens
897 661 1083 730 perigonrdin,

156 735 196 783 est
211 731 244 782 de
261 731 337 783 l'avis
353 732 386 782 de
399 731 520 797 seneque
535 746 582 783 sur
602 732 751 798 l'ttrangete
765 734 809 784 des
821 733 960 784 manieres.
977 753 988 779 o
1005 733 1027 785 ll
1041 749 1084 787 me

157 802 256 854 semble
275 817 327 868 que
351 807 438 854 tontes
462 802 552 869 faenus
577 808 705 855 escartees
725 808 750 854 el
771 803 953 869 particulieres
980 810 1085 870 portent

156 875 269 940 plustost
281 874 313 924 de
322 872 384 926 iolie
393 888 427 925 on
435 874 607 926 d'alleotstion
618 874 773 926 ambitleuse
785 889 837 940 que
846 874 879 926 de
887 889 967 941 vraye
978 877 1083 940 raison3

157 950 183 995 et
198 960 251 1010 que
264 945 289 996 le
303 960 366 1010 sago
380 945 453 997 doibt
467 961 501 997 au
515 946 615 998 dedans
627 946 721 996 retiner
734 960 781 996 son
792 947 851 996 ime
860 945 892 997 de
903 946 928 997 la
940 960 1042 1011 presse,
1057 953 1085 998 et

157 1016 183 1067 la
197 1016 267 1068 tenir
280 1031 313 1068 en
326 1017 420 1069 liberie
435 1023 461 1068 et
474 1017 554 1083 juger
572 1015 711 1068 librement
724 1017 771 1068 des
787 1016 892 1078 chosam
909 1016 988 1080 mais,
1000 1025 1085 1084 quant

158 1101 192 1138 au
208 1087 319 1149 dehors,
336 1087 400 1153 qu'il
416 1088 488 1138 doibt
501 1102 598 1153 suyvre
612 1086 784 1139 entierement
799 1088 837 1138 les
849 1086 939 1153 iacens
951 1093 976 1140 et
985 1086 1085 1141 formes

157 1171 294 1224 reoeues...
310 1158 378 1210 C’est
392 1157 419 1209 la
439 1159 513 1224 regle
529 1159 575 1210 des
593 1159 690 1224 regles,
706 1172 758 1224 que
774 1159 875 1209 chacun
892 1159 1001 1210 observa
1017 1159 1085 1212 celle

157 1228 193 1280 du
207 1228 260 1280 lien
274 1230 309 1281 oir
325 1227 344 1279 il
360 1232 429 1282 est...
445 1228 476 1281 Je
490 1228 545 1280 suis
560 1229 686 1295 desgonte
703 1231 734 1279 de
752 1229 777 1280 la
792 1227 952 1292 nouvellete,
966 1230 1084 1298 quelque

156 1299 248 1364 visage
265 1299 360 1366 qu’elle
373 1305 458 1368 porte.
480 1320 490 1347 r
509 1301 629 1365 (Essois,
641 1300 687 1352 liv.
703 1300 727 1362 1,
741 1301 783 1352 ch.
794 1301 867 1364 xru.)

483 1779 683 1837 EPISTOLA
707 1780 748 1839 vl

462 1971 509 2022 De
524 1984 603 2022 vera
619 1971 771 2024 amicitia.

155 2137 293 2180 somusmu:
304 2137 338 2180 La
346 2136 645 2182 ventableamltlen'exlste
652 2141 755 2191 qu’entre
764 2150 883 2191 personum
889 2139 928 2192 qul
933 2139 1084 2185 recherchent

186 2200 299 2242 ememble
317 2200 340 2241 la
356 2202 432 2244 vertu
448 2201 492 2244 Les
509 2202 567 2244 amis
581 2202 674 2245 doivent
689 2203 823 2254 s’cnselgner
840 2202 1035 2256 reciproqusmeut
1047 2205 1084 2246 les

186 2270 278 2313 moycus
289 2263 316 2304 de
327 2261 457 2306 s'amender.

190 2438 338 2509 Intelligo,
353 2438 461 2508 Lucili,
481 2454 537 2495 non
552 2437 699 2495 emendari
714 2454 759 2496 me
774 2438 902 2507 tantum,
917 2439 967 2495 sed
984 2440 1081 2496 trans-

155 2518 283 2590 figurari.
307 2521 365 2576 Nec
385 2517 439 2598 troc
459 2517 593 2591 promitto
611 2519 670 2590 jam
693 2520 742 2574 aut
765 2533 865 2592 spero,
886 2517 960 2576 nihil
982 2517 1012 2573 in
1033 2533 1081 2574 me

156 2611 324 2671 superesse,
350 2597 424 2668 quod
444 2597 611 2653 mutandum
633 2598 680 2653 sit.
703 2597 810 2666 Quidni
835 2598 925 2654 multa
942 2597 1079 2664 habeam,

154 2693 217 2750 quae
230 2676 353 2734 debeant
367 2675 470 2747 corrigi
479 2673 501 2746 ¹,
515 2692 578 2748 quae
593 2677 744 2734 extenuari
757 2721 764 2747 ‚
780 2693 843 2750 quae
855 2673 966 2734 attolli?
979 2677 1014 2732 Et
1027 2675 1082 2733 hoc

155 2757 250 2831 ipsum
274 2757 475 2829 argumentum
494 2756 588 2822 estin
602 2755 706 2813 melius
724 2756 855 2814 translati
871 2757 960 2813 animi
969 2755 990 2825 ³,
1005 2756 1081 2828 qnod

154 2837 225 2894 vitia
247 2852 314 2907 sua,
331 2853 393 2909 quae
408 2835 501 2893 adhuc
515 2836 681 2908 ignorabat,
697 2836 784 2893 videt.
806 2835 985 2905 Quibusdam
996 2836 1082 2906 aegris

185 3002 194 3036 ¹
208 3013 345 3054 «Personae
356 3014 396 3064 qul
406 3023 436 3056 ne
446 3015 491 3056 solt
501 3013 602 3055 mulhen·
630 3013 753 3056 trectlller
766 3009 892 3064 (corriel),
908 3010 1021 3054 ursourre
1032 3008 1081 3058 (coc-

154 3085 211 3120 renx
223 3085 268 3124 que
282 3076 311 3116 du
324 3075 448 3125 presens.»
630 3071 771 3128 muare)‚t
784 3077 871 3118 relever
885 3070 1022 3121 (arenosis
1037 3081 1049 3110 o

186 3128 198 3161 ²
214 3137 317 3178 D'autres
338 3136 435 3178 editions
454 3137 546 3187 portant
560 3137 602 3180 eol·
661 3127 856 3187 ³Ar9umentum
872 3139 982 3179 translati
993 3139 1020 3177 trs
1035 3145 1081 3178 trec-

154 3199 207 3248 etat,
225 3200 263 3249 qui
277 3200 313 3240 est
326 3198 397 3240 moins
417 3200 554 3249 acceptabis.
573 3219 601 3230 -
630 3201 677 3241 ltcts
688 3201 776 3250 animi,
793 3205 905 3250 cursuve
920 3200 948 3240 de
968 3199 991 3240 ls
1004 3201 1080 3246 truns-

153 3260 291 3302 ‹Gomment
299 3260 431 3312 neumis-le
439 3261 603 3314 pmoeauooup
629 3262 754 3304 formation
766 3263 876 3304 heureuse
887 3261 915 3305 de
927 3260 1001 3304 l'tme.
1016 3265 1029 3298 Β
