2488 3758
303 267 344 331 ru
366 267 530 315 nuurnruu
555 270 723 314 urrsronn
747 267 899 312 nonnius
1011 251 1062 310 101

568 345 577 370 t

134 389 232 447 refert.
263 389 312 448 Sie
337 407 436 463 gerere
461 408 514 448 nos
539 391 691 462 debemus,
715 409 770 449 non
794 392 929 464 tanquam
950 391 1064 463 propter

135 486 240 544 corpus
267 470 364 528 virere
391 472 562 542 debeamus,
588 473 638 530 sed
663 476 807 545 tamquam
831 489 886 528 non
919 472 1063 544 possimus

136 552 200 608 sine
215 566 341 623 corpore.
358 554 450 624 Hujus
462 569 513 610 nos
528 554 634 610 nimius
647 569 726 610 amor
737 553 889 609 timoribus
907 552 1062 623 inquietat,

136 631 381 688 sollicitudinibus
396 635 507 702 oneret,
525 633 707 690 contumeliis
723 634 829 705 objicit.
847 632 1019 706 Honestum¹
1036 632 1063 687 ei

136 710 195 768 vile
220 714 279 778 est,
301 711 347 768 oui
369 728 471 785 corpus
491 715 577 770 nimis
599 731 694 771 carum
717 716 771 770 est.
795 715 900 786 Agatur
920 713 982 786 eius
998 710 1063 766 dili-

136 792 306 864 gentissime
321 809 403 863 eure3
420 793 460 849 ita
475 796 584 864 temen,
601 795 646 863 ut,
664 811 751 867 quum
766 794 860 864 exiget
871 793 958 861 ratio,
975 807 1063 862 quum

136 871 278 943 dignitas,
295 889 381 945 quum
402 873 488 942 fides,
505 875 676 931 mittendum
693 875 722 930 in
738 875 819 944 ignes
841 874 888 929 sit.
910 870 1062 929 Nihilomi-

136 972 207 1024 nuS,
224 957 362 1029 quantum
386 973 558 1029 possumus,
575 959 716 1015 evitemus
740 955 918 1013 incommoda
933 971 1061 1028 quoque,

136 1052 193 1092 non
212 1037 324 1092 tantum
338 1038 480 1109 perieule;
505 1040 534 1094 et
550 1039 688 1095 intutum
708 1053 759 1094 nos
774 1037 962 1105 reducamus,
978 1050 1062 1091 exco-

136 1117 260 1188 gitantes
289 1117 409 1174 subinde
428 1118 532 1190 quibus
553 1119 665 1192 possint
679 1117 806 1174 timenda
825 1115 930 1188 depelli
943 1115 962 1170 ².
989 1116 1063 1183 Quo-

136 1213 200 1252 rum
214 1197 334 1268 tria,·ni
349 1197 439 1268 fallor,
462 1216 565 1270 genera
584 1202 671 1256 sunt:
693 1199 809 1255 limetur
828 1198 938 1270 inopia,
960 1196 1063 1251 timen-

137 1279 184 1332 tur
202 1277 310 1348 morbi,
331 1279 466 1336 timontur
487 1295 549 1351 quae
573 1297 623 1354 per
649 1281 706 1335 vim
726 1279 895 1352 potentioris
915 1276 1059 1334 eveniunt.

136 1361 176 1415 Ex
196 1357 242 1414 his
258 1358 390 1415 omnibus
405 1358 478 1415 nihil
499 1375 550 1415 nos
572 1359 664 1430 magis
684 1357 809 1416 concutit
834 1374 920 1430 quom
937 1357 1010 1430 quod
1028 1373 1062 1412 ex

137 1436 232 1494 aliena
254 1439 380 1510 potentia
403 1439 563 1512 impendet3
590 1455 692 1510 magno
717 1437 793 1495 enim
818 1437 940 1510 strepitu
965 1439 994 1494 et
1014 1437 1061 1493 tu-

137 1515 231 1574 multu
246 1517 333 1573 venit.

171 1596 320 1653 Naturalia
340 1597 417 1654 mala
437 1614 500 1671 quae
523 1598 625 1668 retuli,
650 1600 745 1672 inopia
773 1599 857 1672 etque
884 1599 991 1665 morbi,
1019 1597 1061 1654 si-

136 1675 225 1733 lentio
253 1677 390 1748 subeunt,
411 1694 464 1734 nee
489 1679 599 1748 oculis,
624 1695 676 1735 neo
694 1679 812 1736 auribus
832 1679 986 1751 quidquam
1007 1679 1062 1734 ter-

137 1757 211 1812 roris
232 1756 388 1826 incutiunt3
409 1757 511 1830 ingens
526 1757 645 1816 alterius
665 1759 733 1814 mali
748 1775 850 1832 pompa
864 1760 932 1815 est:
956 1759 1060 1814 serrum

137 1838 213 1894 cirea
230 1838 377 1908 sehabet,
393 1840 421 1894 et
435 1839 531 1910 ignes,
552 1842 581 1896 et
596 1841 730 1908 eatenus,
747 1840 776 1896 et
794 1839 906 1896 turbam
922 1839 1059 1910 ferarum,

138 1934 223 1990 quem
247 1917 276 1973 in
295 1918 405 1975 viscera
425 1919 559 1976 immittat
572 1918 706 1976 humana.
723 1919 820 1990 Cogita
832 1919 958 1976 hocloco
971 1935 1062 1976 caree-

137 2015 215 2068 rem,
230 1999 259 2055 et
281 2014 394 2068 eruoes,
410 2001 439 2056 et
459 2000 610 2071 equuleos,
634 2003 663 2056 ot
676 2016 796 2068 uncum,
813 2002 842 2056 et
862 2000 993 2056 adactum
1012 2016 1063 2073 per

137 2078 265 2135 medium
284 2077 443 2148 hominem,
467 2081 514 2152 qui
535 2097 585 2153 per
607 2097 640 2136 os
660 2081 832 2152 emergeret,
855 2081 982 2153 stipitem
993 2080 1013 2146 ³,
1032 2082 1062 2136 et

137 2159 275 2214 distracta
300 2159 330 2214 in
354 2160 497 2216 diversum
519 2161 591 2217 notis
615 2162 748 2218 curribus
770 2160 911 2230 membra3
934 2161 962 2217 et
981 2158 1060 2216 illam

136 2240 263 2296 tunicam
287 2238 432 2297 elimentis
451 2240 581 2311 ignium⁴
607 2241 636 2297 et
658 2240 762 2296 illitam
788 2242 816 2298 et
837 2243 960 2312 textam;
982 2241 1063 2314 quid-

138 2319 206 2394 quid
220 2318 314 2388 eliud,
330 2321 432 2392 praeter
448 2322 526 2390 bueo,
544 2324 702 2378 commenta
718 2322 829 2379 saevitia
844 2324 889 2378 est
898 2322 919 2384 ⁵.

172 2401 235 2456 Non
249 2401 294 2456 est
307 2401 404 2472 itaque
418 2401 538 2469 mirum,
556 2402 581 2458 si
594 2401 737 2462 maximus
752 2403 838 2473 hujus
854 2402 896 2458 rei
910 2403 994 2457 timor
1005 2400 1059 2469 est,

137 2480 220 2552 eujus
242 2481 271 2536 et
289 2481 413 2537 varietas
428 2497 530 2552 magna
548 2484 577 2538 et
595 2484 747 2556 apparatus
768 2481 905 2539 terribilis
920 2481 973 2538 est.
990 2484 1061 2539 Nam

138 2561 376 2632 quomadmodum
400 2561 465 2634 plus
486 2562 546 2632 agit
566 2564 664 2633 tortor,
689 2579 744 2634 quo
767 2561 850 2635 plura
871 2562 1062 2619 instrumento

138 2639 243 2696 doloris
268 2642 401 2713 exposuit
427 2641 558 2716 {speeie⁰
579 2643 656 2698 enim
671 2646 834 2714 vincuntur,
851 2644 899 2716 qui
914 2643 1061 2715 potientiae

138 2721 326 2794 restitissent)
342 2743 348 2779 :
363 2723 404 2780 ita
416 2739 451 2778 ex
467 2722 528 2792 his,
543 2739 606 2796 quae
621 2723 731 2780 animos
747 2725 859 2780 nostros
882 2724 1018 2794 subigunt
1033 2724 1061 2780 et

168 2922 177 2957 ¹
191 2933 332 2985 Eonmtrem,
351 2935 401 2976 (le
415 2933 468 2976 bion
481 2936 587 2978 moral.»
647 2926 1061 2988 l‹irotdputdrennuentesneuttiaest,

169 2985 180 3020 ²
191 2997 212 3040 Il
226 2995 293 3047 s'agil
303 2997 333 3038 iol
343 2997 469 3040 seulement
478 2997 506 3040 ds
513 3008 539 3040 oe
547 3000 587 3049 qni
615 2999 690 3041 «tout
702 3009 727 3040 oo
737 2999 789 3050 qu's
797 2999 897 3050 imagine
907 3000 930 3040 ls
938 2999 1061 3041 eruente.»

137 3069 228 3102 mensos
242 3060 263 3100 le
275 3069 345 3111 eorpus,
644 3050 753 3113 lupera,
768 3071 781 3103 u
798 3071 840 3113 par
858 3061 1016 3113 l’appsrsl13r
1033 3085 1059 3093 -

171 3112 182 3146 ³
199 3123 325 3174 Eubuleus,
347 3129 360 3159 <1
376 3125 409 3164 les
429 3123 585 3175 oneraretur
610 3125 741 3176 patrenus,
762 3129 775 3162 e
795 3135 840 3168 aux
861 3126 988 3166 tourments
1007 3135 1060 3166 eux-

138 3205 165 3214 —
178 3193 272 3235 oneum,
283 3187 324 3227 «le
335 3190 421 3237 crosa
434 3208 460 3216 -
475 3189 584 3239 stipitem,
612 3185 702 3228 memes.
717 3191 730 3224 r
744 3208 770 3218 -
785 3187 846 3230 Areo
857 3189 980 3238 pattendo,
991 3187 1061 3235 quise

136 3253 149 3284 d
163 3247 184 3288 le
193 3248 243 3298 pel,
258 3254 270 3284 r
283 3249 325 3291 eto.
612 3252 692 3290 trouve
706 3250 761 3291 dans
770 3251 884 3300 plusieurs
897 3250 1001 3298 editions,
1015 3250 1059 3290 l'on

167 3300 321 3352 ‘dumentis
337 3313 441 3364 tontum,
460 3322 473 3354 u
491 3314 518 3356 de
536 3323 583 3355 me·
611 3313 700 3352 traduit
721 3321 754 3354 :u
775 3321 818 3364 par
838 3313 941 3364 l’tnerglo
963 3312 1020 3353 dens
1037 3313 1060 3354 ls

135 3371 205 3414 tiores
214 3373 408 3419 inflammemus.»
610 3375 765 3418 sentiremus.»
