2488 3758
273 217 315 259 un
337 216 502 260 nncrnruu
526 215 691 259 nersronrn
716 213 867 267 noricus
976 192 1032 261 '73

107 347 195 414 quum
220 338 308 412 ooepit
337 338 516 397 transversos
540 354 624 410 egero
645 336 654 371 ¹
687 336 820 394 felicitas.
846 337 902 394 hut
930 337 1032 394 saltem

106 419 209 487 rectis,
225 419 274 475 out
290 418 380 476 semel
391 435 476 476 ruere
488 418 509 476 ¹.
525 421 588 480 Non
602 417 688 478 vertit
704 419 831 486 fortune,
843 417 892 475 sed
905 417 1035 476 cernulat

107 503 136 557 et
155 499 251 556 allidit
262 499 283 556 ³.

145 602 158 631 c
180 583 258 636 Hanc
272 596 339 651 ergo
363 596 463 638 senem
482 597 515 637 ec
539 580 683 638 salubrem
702 582 822 638 formam
843 580 909 638 viiae
924 583 1033 652 tenete,

107 662 140 717 ut
154 659 265 732 corpori
277 661 388 716 tantum
406 661 581 731 indulgeatis
590 660 612 730 ⁴,
628 663 766 733 quantum
781 662 862 718 honae
874 662 1035 718 valetudini

20 733 25 746 ⁸
109 742 180 798 salis
196 742 250 796 est.
268 741 373 796 Durius
387 741 566 798 tractandum
585 741 644 811 cst,
664 758 700 797 ne
714 742 809 798 animo
824 741 899 797 male
916 743 1033 814 pareat:

109 821 192 877 cibus
214 821 319 876 famem
343 821 437 891 sedet,
463 822 539 894 potio
554 821 634 877 sitim
656 821 820 892 extinguat,
837 822 925 877 vestis
941 823 1036 879 arceat

109 901 216 971 frigus,
230 900 332 956 domus
342 901 551 957 munimentum
561 901 599 958 sit
611 901 749 957 adversus
763 903 867 957 infesta
878 902 1003 974 corporis
1013 900 1034 956 ⁵.

110 982 188 1037 Hanc
202 982 299 1036 uirum
311 996 410 1054 cespes
423 981 559 1050 erexerit,
572 997 609 1038 nn
618 981 716 1037 varius
728 981 802 1054 lapis
817 982 910 1052 gentis
923 980 1035 1046 olienae,

110 1061 183 1116 nihil
198 1060 363 1116 interestl:
385 1061 486 1116 scitote
502 1063 561 1117 tam
583 1061 655 1117 hene
673 1060 818 1117 hominem
838 1061 930 1117 culmo
950 1078 1035 1133 quem

110 1157 179 1198 auro
206 1141 274 1212 tegi.
305 1141 483 1198 Contemnite
512 1141 623 1212 omnia,
653 1157 716 1213 quae
744 1157 940 1215 supervacuus
957 1141 1037 1198 labor

110 1220 190 1276 velut
204 1222 401 1277 ornamentum
427 1237 461 1277 ac
481 1220 567 1277 decus
582 1221 670 1294 ponit.
688 1221 814 1292 Cogitate
839 1222 912 1279 nihil
935 1224 1037 1295 praetcr

111 1301 240 1356 animum
256 1317 320 1358 esse
335 1300 481 1369 mirabile3
497 1301 544 1357 cui
562 1316 664 1370 magno
680 1301 690 1334 ⁷
705 1301 778 1356 nihil
794 1318 926 1372 magnum
944 1302 1004 1358 esti
1022 1323 1035 1353 i

147 1381 177 1438 Si
191 1381 253 1438 haec
268 1397 393 1450 mecum,
410 1381 434 1438 si
453 1380 514 1437 haec
529 1397 593 1437 cum
608 1380 730 1452 posteris
745 1379 855 1453 loquor,
871 1381 1036 1438 nonvideor

111 1459 164 1518 tibi
179 1460 251 1535 plus
270 1461 415 1534 prodesse,
441 1477 526 1533 quem
550 1477 638 1532 quum
657 1460 693 1516 ad
716 1460 931 1517 vadimonium8
949 1461 1038 1519 advo-

112 1543 193 1598 catus
211 1541 427 1608 descenderem,
448 1542 497 1598 aut
520 1540 627 1597 tabulis
642 1540 806 1597 testamenti
826 1540 964 1598 annulum
984 1542 1038 1598 im·

112 1622 266 1694 primorem
278 1621 298 1688 ³,
314 1622 364 1676 eut
385 1620 416 1676 in
437 1622 539 1678 senatu
549 1619 571 1654 ¹⁰
590 1620 739 1678 candidato
758 1637 855 1677 vocem
875 1623 903 1677 ct
921 1636 1037 1677 menum

111 1699 338 1757 commodarem?
353 1701 421 1758 Mihi
436 1701 518 1758 crede
535 1722 541 1756 :
563 1701 612 1772 qui
627 1700 700 1755 nihil
715 1715 798 1770 agere
817 1700 961 1768 videntur,
978 1717 1037 1756 ma-

109 1783 173 1855 jore
185 1783 273 1852 agunt
289 1801 295 1836 ε
309 1781 434 1837 humone
449 1781 603 1853 divinaque
619 1777 705 1838 simul
720 1780 852 1838 tractant.

148 1860 205 1918 Sed
228 1861 288 1932 jem
314 1860 381 1917 finis
400 1861 548 1917 faciendus
567 1860 626 1928 est,
647 1859 675 1915 et
700 1858 825 1930 aliquid,
850 1860 882 1915 ut
908 1859 1037 1930 institui,

113 1958 163 2015 pro
189 1940 243 1996 hac
268 1940 390 2013 epistola
411 1940 638 2014 dependendum.
669 1939 700 1994 ld
726 1955 783 1996 non
809 1939 845 1994 de
869 1955 932 1994 meo
965 1939 1038 1995 het:

113 2021 208 2078 adhuc
227 2021 381 2094 Epicurum
401 2020 605 2095 complicemus
615 2018 647 2089 ¹¹,
670 2021 753 2092 cujus
771 2019 845 2075 hene
868 2035 965 2076 vocem
986 2020 1039 2076 ho·

113 2102 214 2158 dierno
240 2101 287 2157 die
308 2100 394 2172 legi:
419 2099 623 2174 Philosophtae
640 2099 756 2157 servios
775 2105 903 2174 oportet,¹
923 2103 959 2154 ot
982 2099 1042 2156 titi·

145 2256 154 2290 ¹
168 2266 239 2316 Aoere
252 2267 403 2318 transversos,
417 2265 565 2309 dottourncr
624 2255 635 2290 ⁶
649 2271 661 2302 d
673 2263 719 2314 Que
732 2267 753 2308 le
765 2273 837 2316 gesen
849 2266 883 2306 ait
898 2265 957 2307 servi
969 2265 983 2307 h
996 2265 1039 2307 dle·

113 2330 145 2371 dn
156 2330 209 2371 utel
223 2329 325 2380 chemin,
333 2339 426 2380 pousser
439 2330 492 2371 hors
506 2331 533 2371 de
541 2331 565 2370 ln
591 2330 699 2370 vercette
710 2328 921 2378 malsonouqu'cllc
930 2329 974 2369 solt
983 2328 1039 2368 faite

114 2393 198 2434 vole.»
231 2386 232 2390 ’
591 2391 619 2432 de
629 2391 712 2440 pierres
726 2389 919 2440 uarices,venues
933 2391 971 2430 des
984 2398 1039 2440 pays

145 2444 157 2477 ²
171 2460 184 2491 c
198 2453 233 2495 ou
244 2453 348 2496 mercher
357 2463 399 2504 par
409 2455 431 2496 lo
440 2455 502 2496 droit
514 2454 564 2496 che
591 2452 718 2502 direngers,
733 2453 750 2491 11
761 2451 881 2502 n’lmporte
892 2460 937 2500 pos.
950 2451 963 2484 1³

113 2516 162 2558 min
169 2517 295 2558 outomher
301 2527 346 2558 une
352 2516 395 2557 lois
401 2527 457 2566 pour
463 2519 565 2558 tontes.»
623 2505 634 2539 ⁷
651 2515 694 2556 Oui
709 2523 806 2567 moeno,
823 2520 836 2554 s
853 2523 910 2565 pour
926 2513 984 2554 celui
1000 2511 1041 2566 qul

117 2599 143 2609 -
153 2579 268 2621 Gerteines
278 2578 372 2620 editions
382 2581 473 2630 portent
484 2580 566 2623 :semel
590 2578 626 2620 est
637 2577 719 2628 grand.
732 2582 745 2612 r

111 2642 204 2693 fruere,
220 2651 250 2683 au
262 2640 308 2682 lieu
326 2643 353 2682 de
370 2642 438 2683 semel
450 2651 527 2694 meere,
540 2652 565 2684 oe
622 2631 634 2665 ⁸
649 2641 826 2691 Vadimonium,
840 2645 853 2678 o
867 2637 1012 2690 assignation.
1027 2637 1040 2676 ι’

115 2707 155 2754 qul
169 2705 226 2745 veut
238 2703 287 2745 diro
301 2703 470 2753 probablemem
485 2717 490 2746 :
505 2711 516 2740 s
531 2705 564 2746 ou
623 2692 659 2740 ⁹«
676 2703 780 2753 Apposcr
798 2712 838 2744 son
853 2703 934 2744 oschet
949 2712 990 2742 sur
1007 2703 1040 2743 les

20 2771 25 2806 t
115 2765 324 2815 negotltequeles
337 2765 565 2818 maleslouissencee,
591 2764 903 2807 tablettesd’nutestnment.
916 2763 1046 2813 h-L'am

115 2839 155 2880 ou,
169 2829 188 2868 sl
201 2830 230 2870 tu
242 2838 271 2871 en
284 2827 365 2878 gothos
379 2829 488 2881 d'autres,
501 2840 530 2871 ne
544 2833 565 2871 le
591 2837 651 2869 nean
671 2823 805 2874 (annolus)
819 2827 906 2877 permit
922 2826 944 2866 le
961 2825 1040 2868 cochet

115 2892 160 2934 reis
172 2891 257 2940 qn’une
266 2890 315 2932 lois.
328 2896 341 2927 o
592 2892 620 2931 de
631 2900 671 2931 son
681 2890 840 2940 proprietalre.

146 2943 158 2978 ⁸
173 2952 284 2994 demutat
300 2951 337 3000 (n.
354 2961 464 3004 cernuus,
481 2953 567 3004 penchd
623 2941 644 2976 ¹⁰
658 2952 738 2994 letre
752 2952 814 2993 avaro
823 2949 953 3002 transportd
963 2952 1040 2994 lesco·

115 3025 170 3058 vers
181 3017 206 3058 lo
218 3013 294 3059 terre)
303 3017 324 3057 et
336 3017 426 3068 otltdtl,
440 3022 452 3054 d
464 3018 507 3059 elle
520 3019 565 3058 cul·
593 3014 661 3056 mices
671 3016 702 3056 du
717 3014 800 3065 cnamp
810 3015 837 3055 do
852 3015 953 3055 Meroen
966 3013 1041 3056 senet.

116 3077 173 3120 bote
184 3081 207 3120 et
222 3077 284 3120 broie
295 3080 375 3120 contre
388 3081 456 3120 terre.
468 3083 480 3115 o
594 3076 630 3123 (V.
640 3079 701 3127 Tac,
712 3078 781 3127 Arum,
792 3072 1006 3126 1‚xr.)u’trectron'
1018 3087 1042 3118 sc

147 3132 159 3166 ⁴
172 3141 307 3191 Induloere,
320 3147 332 3179 <t
343 3143 447 3183 socorder
455 3151 498 3191 per
507 3151 566 3183 oom-
593 3140 671 3181 islsalt
682 3140 736 3180 dans
748 3140 769 3180 le
780 3138 880 3180 denotet
888 3141 910 3180 la
918 3141 1040 3189 proclama·

115 3203 267 3255 plnlsanco.»
320 3243 323 3251 ,
593 3201 642 3243 tion
650 3201 812 3247 (renuntiatio)
820 3201 1043 3251 auchampdeMars.

150 3257 161 3288 ⁵
176 3267 267 3316 Infesta
282 3267 394 3318 corporis,
413 3271 425 3304 s
443 3267 476 3308 les
492 3265 568 3309 choses
625 3255 643 3288 ¹¹
659 3265 838 3316 eoropucamos,
859 3271 941 3322 «nous
961 3271 1042 3304 enrou-

114 3327 226 3372 nuislhlee
239 3339 268 3369 nu
282 3334 378 3379 corps.»
591 3329 657 3378 lons,
670 3337 727 3368 nous
740 3329 873 3370 sermons.»

212 3407 325 3462 Sistens.
903 3398 920 3448 ³
