2488 3758
170 245 205 302 88
479 262 506 302 n.
525 261 631 303 1111111
656 259 783 303 sauses

170 384 370 447 verecundiam
384 408 391 446 ε
407 389 544 464 dejiciunt
553 391 679 460 vultum,
691 390 778 448 verba
789 387 989 459 submittunt¹‚
1001 388 1095 462 figunt

170 473 201 529 in
215 471 319 527 terram
336 470 432 527 oculos
451 474 480 528 et
492 472 655 545 deprimunt
671 471 823 528 :ruborem
843 469 899 526 sibi
912 469 1096 542 exprimere*

171 568 227 607 uon
240 553 375 625 possunt3
391 568 443 608 nec
457 553 621 626 prohibetur
635 552 696 621 hic,
712 568 764 608 nec
778 549 938 607 adducitur.
953 551 1030 606 Nihil
1045 551 1096 606 ad-

171 647 271 687 versus
291 633 352 688 haec
373 633 513 706 sapientia
531 632 689 706 promittit,'
704 631 775 688 nihil
798 631 908 705 proficit
929 649 936 687 :
957 631 1001 686 sui
1018 631 1093 703 juris

172 712 271 781 sunt³3
286 713 398 785 injussa
411 713 544 783 veniunt,
560 713 670 786 injussa
683 713 841 768 discedunt.
856 714 919 768 tam
933 709 1093 766 clausulam

171 791 292 865 epistola
309 794 409 866 poscit.
429 793 547 865 Accipe,
569 793 733 864 etquidem
754 791 854 848 utilem
876 793 905 848 et
926 790 1092 859 salutarem,

172 888 256 945 quam
280 874 308 928 te
329 873 445 944 affigere
463 875 558 930 animo
579 872 642 930 volo
663 871 809 944 :Aliquis
828 871 877 928 vir
896 871 991 927 bonus
1008 872 1095 927 nobis

171 951 324 1026 elipandus
340 959 396 1019 est,
416 971 451 1009 oc
470 971 585 1028 sempor
604 959 673 1010 onte
693 952 793 1010 oculos
812 952 980 1018 debendus,
995 956 1029 1006 ut
1047 951 1094 1006 sic

171 1038 326 1104 tamquam
337 1031 388 1088 illo
401 1033 518 1089 vidente
529 1032 692 1106 faciamus.
706 1033 772 1104 Hoc,
785 1031 824 1087 mi
837 1031 938 1098 Lucili,
951 1031 1093 1104 Epicurus

171 1113 303 1185 praecepit
318 1134 325 1169 ι
342 1114 487 1169 custodem
504 1112 588 1169 nohis
608 1115 636 1168 et
650 1111 850 1190 paedagognm⁴
865 1107 958 1180 dedit;
974 1127 1026 1167 uec
1040 1112 1095 1166 im-

170 1193 280 1248 merito.
291 1193 390 1263 Magna
398 1209 464 1265 pars
474 1193 653 1265 peccatorum
666 1193 786 1264 tollitur,
802 1193 827 1248 si
838 1193 998 1265 peccaturis
1008 1193 1093 1248 testis

75 1313 78 1322 .
170 1271 308 1328 assistit5.
328 1272 460 1344 Aliquem
478 1272 580 1329 haheat
599 1273 730 1343 animus,
750 1289 834 1344 quem
850 1273 990 1341 vereatur,
1010 1274 1094 1344 cujus

170 1352 337 1408 auctoritate
351 1353 436 1408 etiam
456 1355 596 1409 secretum
615 1353 717 1410 suum¹
733 1352 861 1409 sanctius
876 1352 969 1408 faciat.
990 1354 1012 1408 Ο
1030 1353 1095 1408 leli-

169 1447 231 1487 cem
246 1431 341 1498 illum,
358 1433 477 1505 quinon
491 1434 751 1505 praesenstaotum,
769 1432 818 1489 sed
833 1433 919 1488 etiam
934 1431 1094 1502 cogitatus¹

169 1512 316 1568 emendatl
334 1513 356 1568 0
373 1512 498 1581 felicem,
512 1513 562 1584 qui
578 1514 620 1569 sic
634 1512 759 1584 aliquem
778 1512 870 1569 vereri
889 1512 996 1584 potest,
1012 1514 1042 1568 ut
1055 1513 1093 1568 ad

169 1592 334 1647 memoriam
344 1609 456 1665 quoque
464 1592 526 1663 ejus
536 1609 568 1648 se
578 1593 737 1665 componat,
748 1592 832 1664 atque
841 1591 967 1648 ordinet!
982 1592 1036 1660 Qui
1048 1591 1092 1648 sic

169 1671 294 1743 aliquem
305 1672 397 1728 vereri
411 1673 518 1745 potest,
536 1672 592 1729 cito
606 1673 661 1728 erit
674 1673 825 1729 verendus.
843 1671 924 1743 Elige
940 1672 1033 1743 itaque
1042 1673 1094 1728 Ca·

169 1752 264 1807 touom
278 1771 285 1808 :
300 1751 325 1808 si
339 1752 386 1809 hic
400 1752 453 1808 tibi
468 1753 579 1808 videtur
590 1751 676 1808 nimis
692 1751 812 1824 rigidus,
828 1752 902 1822 elige
917 1752 1093 1808 remissioris

169 1830 276 1888 animi⁸
294 1832 386 1889 virum
404 1832 548 1901 Laeliuml,
569 1831 643 1902 elige
658 1848 739 1902 eum,
762 1832 844 1904 cujus
865 1831 918 1888 tibi
937 1831 1044 1904 placuit
1063 1834 1093 1889 et

169 1912 228 1967 rita
238 1913 266 1969 et
278 1913 368 1969 oratio
378 1914 406 1968 et
416 1913 478 1984 ipse
490 1912 617 1969 animum
629 1913 695 1968 anto
708 1927 740 1968 se
752 1911 845 1968 terens
858 1911 955 1968 vultus
963 1909 993 1980 ¹⁰,
1008 1909 1092 1968 illum

168 1990 222 2046 tibi
241 2007 353 2065 semper
371 1993 498 2061 ostende,
514 1991 559 2048 rel
578 1991 739 2060 custodem,
758 1992 804 2047 vel
821 1991 993 2064 exemplum.
1012 1993 1091 2064 Opus

167 2072 225 2139 est,
247 2071 378 2142 inquam,
399 2070 505 2144 aliquo,
525 2072 561 2128 ad
580 2088 665 2145 quem
685 2087 778 2128 mores
795 2073 887 2128 nostri
907 2089 937 2128 se
957 2071 1014 2145 ipsi
1031 2072 1091 2130 exi·

168 2149 263 2220 gant¹¹
281 2168 287 2205 :
302 2151 359 2205 nisi
378 2150 414 2206 ad
429 2152 556 2222 regulam
571 2168 657 2225 prava
671 2167 727 2208 non
742 2150 905 2222 corrigesfl.
922 2151 1000 2212 Vale.

198 2291 335 2354 ίΒι1111111111
354 2305 454 2355 metm,
474 2307 542 2348 ambo
562 2308 614 2350 1111-
642 2308 780 2350 lssouventr
792 2307 857 2348 surm
871 2317 930 2357 pour
942 2306 1089 2350 amitterem

166 2368 275 2418 mittunt,
290 2373 302 2404 1
317 2367 345 2409 ils
363 2369 478 2418 prement
493 2378 525 2410 un
540 2367 615 2420 vierge
674 2360 846 2412 ¹Remissioris
859 2372 948 2420 antmt,
963 2376 976 2408 a
990 2370 1091 2412 (11111111-

167 2431 262 2479 abattu,
276 2441 308 2472 un
321 2431 362 2473 ton
376 2430 421 2473 bas.
435 2436 449 2468 r
642 2430 730 2474 mettre
743 2431 815 2472 moins
830 2431 930 2484 austere,
943 2433 1010 2475 d'une
1023 2435 1091 2476 vestu

198 2483 209 2517 ¹
223 2492 614 2543 sitteaeprtmeremsetatrevenir.»
642 2495 693 2545 plus
704 2495 842 2544 indulgente.
856 2501 869 2532 r

200 2544 211 2579 ³
223 2556 266 2597 Sat
275 2556 340 2605 turta
350 2557 568 2604 resarciremus
582 2555 615 2595 ln·
674 2546 685 2581 ⁹
695 2556 764 2598 (1111111
783 2559 807 2598 et
823 2555 918 2607 Laelius,
932 2567 1029 2606 pauvres
1043 2568 1090 2598 mo·

167 2615 316 2666 dependentes
329 2619 357 2660 da
370 2628 438 2669 nous,
453 2620 507 2661 alles
520 2619 614 2669 s'appar·
641 2618 701 2661 deles
709 2617 788 2669 supres
802 2620 829 2661 ds
842 2629 898 2662 oens
905 2629 949 2671 que
960 2620 981 2660 le
988 2618 1091 2661 chreston

166 2678 276 2721 tiennant.
289 2685 302 2716 r
641 2682 721 2723 trouve
732 2682 788 2722 dens
799 2682 831 2724 les
844 2683 916 2724 saluts
928 2683 952 2724 et
965 2682 1019 2723 dans
1028 2681 1048 2722 11
1051 2682 1089 2724 es.

197 2731 393 2794 traoaaoaum,
416 2748 428 2779 1
455 2743 529 2792 gulde.
549 2749 562 2780 1
582 2743 614 2784 ne
641 2744 709 2786 r.-c.r

167 2795 340 2858 παιδαγωγός,
354 2806 408 2847 ensa
421 2806 453 2847 les
466 2805 540 2855 Graes,
549 2804 613 2855 emit,
671 2795 693 2830 ¹⁰
709 2806 794 2849 «calm
808 2807 864 2849 dont
877 2809 903 2848 111
917 2803 996 2856 solitas
1008 2806 1032 2846 lo
1045 2806 1089 2855 vis.

166 2869 252 2908 comme
264 2878 303 2909 son
313 2876 366 2908 nom
376 2868 495 2918 lindisse,
504 2869 562 2909 oelnt
574 2867 613 2918 qul
641 2869 664 2908 la
675 2869 777 2911 doctrine
788 2870 812 2911 et
824 2869 926 2920 lusqu'au
939 2868 1014 2918 vinage
1027 2866 1057 2910 od
1066 2879 1091 2912 so

167 2929 291 2971 conduisait
308 2930 404 2972 l’entant
421 2940 451 2972 eu
469 2939 576 2982 gymnase
589 2930 613 2972 st
640 2929 717 2973 retteta
730 2941 772 2972 son
785 2931 868 2974 ame.»

165 2992 291 3033 survetllatt
303 3002 337 3034 sss
351 2993 485 3035 demarchos.
589 3039 593 3046 ¹
670 2982 688 3017 ¹¹
703 2993 740 3035 Aa
761 3003 828 3044 quem
849 3002 923 3036 mores
943 3002 967 3034 se
983 2994 1089 3043 aetnam,

197 3044 612 3103 5111,1111111011111111011101111110111·
641 3061 706 3097 «sur
719 3057 792 3106 lequel
806 3058 871 3098 notro
884 3055 991 3097 conduitn
1006 3066 1030 3097 so
1044 3065 1089 3100 mo·

166 3117 250 3158 mettre
260 3117 282 3156 la
293 3117 356 3158 tauto
369 3115 524 3170 immaturis),
535 3129 567 3160 un
581 3115 613 3159 te
641 3116 697 3159 dole.
708 3120 721 3150 1

166 3177 228 3219 moin
241 3179 275 3219 ast
288 3177 406 3227 present.»
671 3170 691 3204 ¹¹
712 3179 868 3230 comparaison
885 3178 1016 3230 empruutda
1038 3190 1090 3222 sans

199 3229 210 3263 ¹
225 3241 305 3281 Etiam
322 3244 431 3284 secretum
443 3253 525 3296 suum,
540 3249 553 3280 s
566 3244 612 3294 Jus-
641 3242 1090 3292 doutell'horticultnrs.0'estaumosen

167 3300 219 3353 qu'a
229 3311 263 3342 ses
276 3301 365 3351 ponstes
376 3303 498 3347 secretas.)
641 3305 694 3347 d’un
703 3306 782 3347 tutsur
790 3306 851 3346 droit
860 3302 962 3354 (swale)
974 3306 1041 3356 qu'on
1054 3315 1089 3347 re-

197 3353 208 3388 ⁷
219 3363 336 3414 coarmata
345 3366 614 3417 emmerammianos
640 3368 751 3416 crematos
757 3368 859 3412 ernustes
866 3368 981 3411 difformes
988 3366 1089 3420 (ρταυα).
