2488 3758
291 207 331 252 un
354 207 519 252 cucrcruu
543 210 708 254 aursnoda
732 211 885 255 uounncs
998 197 1049 256 103

120 329 191 392 iacit
218 326 358 404 sapiens:
378 329 538 388 nocituram
561 329 718 406 potentiam
739 332 825 404 vitat,
849 331 903 390 hoo
925 333 1049 407 primum

122 427 226 470 caveus
241 427 277 468 ue
291 410 382 468 vitare
398 411 537 470 videatur.
559 414 629 470 Pars
642 413 719 470 enim
734 414 898 472 securitatis
910 418 938 472 et
952 415 982 472 in
997 415 1050 472 hoc

123 493 183 560 est,
210 507 267 548 non
283 507 318 548 ex
336 491 464 566 professo
481 509 543 550 eam
563 493 673 565 petere3
700 494 781 566 quia,
804 511 866 567 quse
881 495 946 568 quis
961 496 1047 567 sugit,

123 571 249 630 damnat.
275 571 568 646 Circumspiciendum
593 589 659 645 ergo
685 574 768 630 nobis
797 577 841 631 est
867 576 1005 648 quomodo
1033 591 1049 631 a

123 652 208 724 vulgo
230 652 285 709 tuti
309 667 374 710 esse
394 654 549 726 possimus.
566 654 660 711 Primo
683 654 756 711 nihil
770 655 847 711 idem
869 656 1050 730 concupisca-

123 748 209 790 mus:
226 733 288 790 rixa
300 734 345 790 cst
363 732 437 791 inter
456 735 664 808 competitores.
682 735 789 791 Deinde
803 735 876 791 nihil
894 736 1048 794 habeamus

124 812 198 886 quod
216 829 281 870 cum
302 829 406 885 magno
422 815 814 885 emolumentoinsidiantis¹
838 815 910 891 eripi
934 816 1047 891 possit:

124 910 208 968 quam
234 893 384 950 minimum
410 896 495 952 sitin
514 912 630 969 corpore
651 898 699 954 luo
722 896 888 969 spoliorum.
908 900 995 954 Nemo
1014 898 1049 954 ad

123 974 281 1030 humanum
307 973 474 1047 sauguinem
497 980 610 1050 propter
636 977 730 1050 ipsum
757 977 855 1045 venit,
879 980 929 1034 aut
955 978 1051 1034 admo·

123 1054 192 1111 dum
212 1055 312 1128 pauci;
335 1055 433 1128 plures
456 1058 620 1130 computant
650 1073 734 1129 quam
756 1057 920 1115 oderunti:
942 1059 1049 1116 nudum

123 1133 196 1191 latro
218 1134 408 1193 transmittit:
431 1137 518 1192 etiam
542 1138 572 1193 in
591 1137 710 1193 obsessa
732 1136 777 1193 via
792 1139 910 1212 pauperi
926 1155 981 1212 pan
994 1140 1048 1195 est.

123 1215 188 1274 Tria
207 1213 325 1286 deinde,
352 1232 386 1271 ex
407 1217 593 1290 praeceptione
616 1217 723 1286 veteri,
752 1217 913 1290 praestanda
933 1221 1000 1275 suut
1020 1221 1051 1276 ut

123 1294 251 1351 vitentur
267 1294 304 1351 ³:
326 1295 438 1365 odium,
462 1297 583 1366 invidia,
612 1297 802 1369 conlemptus.
835 1300 979 1367 Quomodo
998 1299 1050 1355 hoc

124 1375 174 1431 liat
189 1373 330 1448 sapientia
343 1375 404 1432 sola
419 1377 598 1433 monstrabit.
616 1377 738 1432 Difficile
752 1378 829 1434 enirn
844 1381 1051 1451 temperamen-

123 1454 208 1512 tum⁴
230 1455 287 1524 est3
308 1457 519 1528 verendumque
539 1473 575 1512 ne
601 1456 631 1512 in
652 1458 846 1530 contemptum
867 1473 918 1514 nos
934 1459 1050 1515 inuidiae

123 1535 209 1592 timor
233 1536 403 1606 transferat;
430 1553 481 1606 ne,
507 1537 575 1592 dum
600 1536 709 1593 calcare
732 1537 877 1607 volumus,
902 1539 1049 1597 videamur·

123 1631 210 1690 posse
224 1615 327 1672 calcari
340 1637 346 1672 :
363 1616 462 1672 multis
474 1617 593 1673 timendi
606 1617 704 1674 attulit
717 1633 834 1687 causas,
848 1619 943 1676 timeri
954 1637 1047 1693 posso.

57 1707 62 1716 ’
125 1696 255 1768 Undique
277 1711 328 1752 uos
352 1696 572 1756 reducamus⁵z
597 1713 653 1752 non
676 1697 772 1754 miuus
798 1699 940 1755 contemni
965 1717 1048 1773 quam

125 1775 236 1849 suspici
251 1775 341 1832 nocet.

160 1855 203 1912 Ad
212 1854 423 1930 philosophiam
435 1871 501 1928 ergo
507 1857 728 1929 confugiendum
739 1859 797 1914 est:
808 1859 851 1915 hoa
860 1858 988 1930 littercci,
995 1875 1050 1916 non

124 1936 189 1994 dico
204 1936 278 2010 apud
291 1936 393 2006 bonos,
407 1936 456 1992 sed
465 1937 540 2010 apud
555 1938 737 1994 mediocriter
754 1939 859 2008 malos,
876 1939 1051 1996 insularum⁷

124 2017 187 2074 loco
211 2016 286 2073 sunt.
305 2019 376 2074 Nam
398 2017 520 2073 lorensis
544 2017 721 2090 eloquentia,
744 2020 772 2074 et
788 2035 973 2093 quaecumque
993 2019 1051 2076 alia

123 2096 261 2172 populum
285 2099 395 2166 movet,
420 2095 599 2155 adversarios
619 2098 704 2155 habet
721 2117 728 2154 :
744 2098 821 2167 haec,
839 2100 948 2171 quieta,
964 2101 993 2157 ct
1005 2100 1050 2156 sui

124 2177 230 2248 negotii
243 2175 263 2246 ⁸,
280 2179 421 2234 contemni
444 2192 501 2234 non
523 2178 635 2251 potest3
656 2179 702 2234 cui
716 2179 752 2235 ab
773 2179 906 2236 omnibus
924 2180 1049 2248 artibus,

124 2258 211 2314 ctiam
243 2256 318 2331 apud
346 2257 504 2332 pessimos,
528 2258 617 2315 honor
641 2261 697 2315 est.
717 2261 868 2332 Nunquam
889 2261 920 2317 in
940 2261 1052 2316 tautum

124 2337 304 2395 convalescet
320 2337 462 2411 nequitia,
479 2354 625 2412 uunquam
646 2339 688 2396 sic
709 2341 806 2396 contra
824 2340 944 2398 virtutes
959 2342 1052 2414 conju·

157 2497 237 2552 ¹6¹am
253 2519 339 2560 mono
354 2511 506 2552 emolumento
516 2512 574 2554 tast-
601 2512 652 2554 tous
673 2509 743 2563 odies,
763 2516 776 2549 r
798 2522 839 2563 ou,
858 2513 920 2554 selon
942 2513 1051 2563 plusieurs

124 2573 222 2623 dicatis,
234 2579 246 2609 d
257 2583 312 2615 avoc
320 2575 392 2623 grand
401 2573 470 2625 profit
484 2583 543 2623 pour
553 2576 575 2616 le
603 2575 756 2625 traducteurs,
767 2581 780 2612 d
792 2577 958 2617 mestuus-nous
972 2576 986 2617 a
998 2586 1050 2617 cou-

124 2637 257 2678 maltalteur
266 2632 334 2688 (pour
343 2637 401 2678 celui
409 2633 574 2687 quaquamst»
601 2638 665 2688 nort,
684 2642 697 2673 ⁸
716 2647 767 2679 sans
785 2638 824 2688 qul
842 2639 965 2688 s'appllquo
979 2640 1051 2680 moins

156 2688 168 2722 ²
184 2699 267 2740 Plures
283 2701 420 2750 comprimat
438 2710 509 2750 quam
525 2701 574 2742 ode-
601 2701 777 2742 naturellement
798 2711 827 2742 cu
843 2701 892 2742 mot
913 2704 1052 2743 reducamus

125 2762 194 2814 turcl,
208 2767 220 2798 d
234 2761 252 2803 ll
270 2771 313 2811 ya
328 2762 378 2812 pius
392 2763 485 2812 degens
500 2761 513 2804 d
528 2763 574 2804 cal·
602 2761 655 2813 qu’d
669 2763 797 2805 l'ememhlc
808 2764 847 2806 dos
860 2763 927 2805 iddcs.

124 2825 188 2865 culcr
209 2822 242 2870 (la
264 2825 343 2865 valeur
366 2824 397 2866 du
416 2824 494 2870 hutini
523 2824 576 2875 qu’e
635 2815 1051 2878 inaratam,c1esocuucspullo

124 2885 184 2928 hair.
195 2890 209 2922 ²
602 2887 728 2938 sophlques.
740 2890 752 2920 ἲ

157 2939 168 2973 ³
187 2947 246 2990 Pria
264 2949 397 2998 prestando
419 2951 447 2990 ut
465 2951 574 3001 edantur,
634 2942 797 3002 ⁷insularum
815 2951 861 2992 loco
877 2951 971 3001 sunm
990 2952 1050 2994 tlen-

124 3015 138 3048 ι
155 3011 212 3052 trois
232 3011 309 3052 choses
325 3010 380 3061 qu'il
398 3011 450 3052 taut
469 3021 575 3064 proposes
602 3015 658 3056 nent
671 3015 716 3055 lieu
731 3015 758 3054 de
772 3013 912 3055 baudelettcs
926 3012 1023 3065 sacrdos,
1038 3021 1049 3050 u

125 3072 251 3115 d’dvltem
602 3075 931 3118 o.·a-d.odonnentlautorttd
939 3076 993 3118 d'uu
1002 3087 1050 3129 per·

157 3125 168 3160 ⁴
187 3136 413 3186 daemonicolam,
430 3135 513 3188 «juste
530 3147 575 3180 mc·
602 3149 700 3188 comaga
711 3137 807 3181 sacre.»

126 3203 214 3244 eure.»
634 3193 645 3226 Β
665 3202 709 3245 Sul
730 3201 828 3254 aeqottt,
854 3210 868 3245 c
890 3202 955 3249 touta
975 3200 990 3244 lc
1010 3210 1051 3244 son

159 3251 288 3312 ‘Undique
301 3261 505 3312 accredideram,
519 3259 575 3304 «rd-
602 3265 671 3316 abiet.
684 3270 697 3302 θ

127 3320 305 3377 ausono-nour,
327 3333 527 3367 rememoramus
548 3325 577 3369 de
