2488 3758
313 259 353 304 aa
376 260 539 306 uucruiuu
562 261 727 322 rrrsrocu
750 262 902 308 nonanus
1036 247 1070 308 81

143 379 240 440 tilius¹
256 379 338 440 solet.
345 382 524 452 Quibusdam
536 385 662 443 tremunt
670 401 763 458 genua
777 385 925 458 dicturls¹‚
938 403 1071 462 quorum·

144 465 210 521 dam
223 462 324 521 denies
336 464 521 535 colliduntur,
537 465 636 540 lingua
652 467 771 537 titubat,
785 466 866 524 labra
877 472 1068 528 concurrunt:

144 545 205 601 haec
220 560 274 602 nec
285 544 452 618 disciplina,
469 562 522 604 nec
539 563 610 605 usus
624 564 751 620 unquam
766 548 887 617 excutit,
905 549 955 606 sed
970 550 1070 606 natura

144 626 203 682 vim
223 641 306 682 suam
325 628 451 696 exercet,
472 628 501 684 et
523 626 573 684 illo
591 629 662 684 vitio
681 629 728 686 sui
747 630 833 686 etiam
851 630 1069 686 robustissimos

143 706 288 764 admouet.
301 707 378 764 Inter
390 707 452 765 haec
465 724 531 766 esse
546 711 575 766 et
588 710 719 766 ruborem
733 711 806 779 scio,
825 710 873 782 qui
888 711 1069 782 gravissimis

144 803 257 860 quoquo
264 787 334 845 viris
344 787 456 846 subitus
469 789 631 847 offunditur.
648 791 737 862 llagis
749 791 864 863 quidem
876 791 905 846 in
913 792 1069 864 juvenibus

142 867 275 946 apparet,
291 867 395 941 quihus
410 875 438 925 et
453 868 518 944 plus
534 870 637 928 caloris
657 873 702 928 est
720 872 749 926 et
767 873 864 928 tenera
878 872 955 928 lrous
972 891 978 927 ε
996 872 1069 928 nihi·

143 947 271 1004 lominus
288 949 316 1005 et
333 950 481 1006 veteranos
500 951 529 1007 et
551 967 634 1008 senes
651 951 751 1023 tangit.
772 953 893 1020 Quidam
913 968 1068 1024 numquam

143 1029 251 1100 magia,
268 1045 353 1101 quam
368 1047 455 1102 quum
470 1031 657 1102 crubuerunt,
679 1031 799 1088 timendi
820 1034 901 1101 suut,
918 1033 997 1104 quasi
1013 1048 1070 1087 om-

144 1125 209 1166 nem
229 1109 430 1166 verecundiam
449 1111 609 1168 effuderint.
630 1112 710 1168 Sulla
729 1113 797 1168 tuuc
816 1113 876 1168 erat
896 1113 1069 1169 violentissi-

73 1233 76 1238 .
143 1205 225 1258 mus,
249 1207 337 1264 quum
361 1191 463 1248 laciem
486 1193 549 1264 ejus
573 1193 691 1264 sanguis
713 1192 891 1262 invaserat³3
916 1193 989 1249 nihil
1008 1195 1069 1250 erat

143 1269 261 1328 mollius
271 1286 318 1327 ore
328 1271 469 1346 Pompeii⁴
482 1294 487 1329 :
501 1288 644 1345 nunquam
654 1289 710 1330 nou
719 1289 812 1328 coram
821 1272 952 1346 pluribus
961 1274 1067 1342 rubuit,

143 1353 244 1422 utique
267 1351 296 1407 iu
320 1352 532 1408 concionibus⁵.
556 1353 742 1422 Fabianuml,
766 1369 854 1424 quum
878 1353 907 1408 in
933 1355 1067 1409 Senatum

144 1432 229 1488 testis
244 1432 322 1488 esset
333 1432 482 1503 inductus,
498 1434 648 1490 erubuisse
663 1434 795 1501 memini,
810 1434 837 1489 et
847 1433 893 1489 hic
904 1432 984 1488 illum
997 1433 1068 1488 miro

143 1513 236 1587 pudor
249 1512 354 1569 decuit.
370 1515 431 1569 Non
446 1513 611 1570 accidithoc
626 1513 660 1570 ab
676 1513 843 1570 infirmitate
854 1512 974 1582 meniis,
989 1513 1068 1569 seda

143 1594 271 1651 novitate
290 1593 347 1663 rei,
372 1610 435 1666 quae
459 1595 673 1662 inexercitatos,
697 1595 783 1650 ctiam
807 1594 832 1650 si
854 1609 910 1650 nou
933 1595 1067 1662 concutit,

142 1674 256 1732 movet⁷
273 1674 397 1730 naturali
416 1675 446 1730 in
465 1675 517 1732 hoc
537 1675 673 1731 facilitate
685 1674 828 1747 corporis⁸
842 1691 945 1746 pronos
962 1694 967 1730 :
987 1692 1067 1741 nam,

142 1758 174 1813 ut
186 1755 306 1828 quidam
319 1755 386 1810 honi
399 1756 548 1826 sanguinis
564 1757 644 1824 sunt,
661 1756 701 1811 ita
716 1755 832 1826 quidam
846 1755 957 1811 incitati
970 1756 999 1811 et
1012 1771 1068 1810 rno-

142 1836 228 1905 bilis,
247 1836 276 1891 et
294 1835 350 1892 cito
370 1835 399 1891 in
423 1852 455 1891 os
474 1836 650 1908 prodeuntia.
673 1837 752 1904 llaec,
775 1834 807 1891 ut
828 1835 900 1902 dixi,
924 1835 1002 1891 nulla
1025 1851 1069 1890 sa-

141 1917 254 1991 pientia
268 1915 359 1987 abigit
375 1937 381 1972 :
399 1917 526 1988 alioquin
543 1917 662 1973 haberet
677 1932 772 1973 rerum
790 1915 920 1972 naturam
940 1915 993 1970 sub
1013 1916 1068 1969 im-

142 1999 243 2072 perio,
274 1997 300 2052 si
331 1997 425 2053 omnia
453 1997 582 2054 eraderet
613 1997 692 2054 vitia.
721 1997 912 2068 Quaecumque
940 1996 1069 2051 attribuit

142 2077 270 2136 conditio
292 2077 428 2134 nascendi
444 2077 472 2134 et
485 2078 610 2152 corporis
624 2078 831 2150 temperatura,
848 2093 936 2149 quum
946 2075 1068 2132 multum

144 2177 174 2216 se
197 2159 307 2230 diuque
325 2158 438 2216 animus
463 2158 655 2232 composuerit
663 2157 684 2228 ⁰,
699 2158 818 2214 haerebit
826 2157 856 2214 ¹⁰.
873 2157 950 2216 Nihil
968 2157 1068 2214 horum

143 2239 233 2298 vetari
248 2238 354 2312 potest,
365 2255 421 2294 nou
435 2240 527 2309 magis
542 2256 627 2312 quam
642 2238 788 2296 arcessi¹¹.
804 2239 935 2295 Artifices
951 2239 1067 2306 scenici,

143 2321 191 2394 qui
202 2319 354 2376 imitantur
366 2317 523 2388 affectns¹²,
534 2319 583 2391 qui
593 2320 700 2375 metum
712 2322 740 2375 et
750 2319 969 2392 trepidationem
980 2318 1069 2390 expri-

144 2401 241 2470 munt,
258 2400 306 2472 qui
324 2399 473 2456 tristitiam
492 2400 710 2474 repraesentant,
728 2399 781 2455 hoc
797 2399 902 2454 iudicio
921 2397 1068 2454 imitantur

171 2558 180 2592 ¹
197 2567 375 2616 AEatoooir'bua,
387 2571 399 2604 1(
410 2563 531 2608 dchauffds.
545 2571 557 2603 ι
620 2567 674 2617 piro,
683 2565 728 2607 ami
739 2566 766 2607 dc
781 2563 884 2614 sonoque.

172 2621 183 2656 ²
195 2631 312 2678 Baeturia,
322 2635 335 2666 a
345 2639 375 2670 au
385 2629 485 2670 moment
493 2629 521 2670 de
528 2639 592 2680 pron·
651 2619 701 2671 ⁷St
718 2638 767 2670 oon
784 2629 893 2678 cooauta't,
914 2627 996 2676 amuel,
1018 2631 1031 2664 (t
1050 2624 1069 2666 si

142 2694 181 2736 dra
194 2693 217 2734 la
229 2692 307 2744 parole
317 2689 356 2738 (en
369 2689 461 2742 public).
473 2696 486 2727 r
620 2693 663 2733 elle
672 2689 786 2732 n'ebraule
799 2700 851 2740 pas,
864 2689 945 2730 emeat.
959 2694 972 2726 r

173 2747 184 2780 ³
198 2755 234 2797 Ira
244 2765 345 2804 rougeur
358 2754 397 2803 qui
411 2755 510 2796 montell
519 2765 549 2796 uu
561 2757 593 2796 vl·
651 2745 662 2778 ⁸
676 2755 795 2795 Facilitate
812 2755 923 2803 corporis,
945 2757 957 2788 t
974 2758 1017 2800 par
1037 2749 1069 2791 les

143 2829 195 2869 sago
218 2819 247 2860 do
268 2817 330 2868 Sylla
349 2815 438 2860 (lati-78
458 2827 494 2858 av.
515 2814 593 2862 J.·G.)
621 2817 762 2866 dispositione
776 2816 900 2856 naturalius
918 2814 948 2854 du
966 2820 1038 2860 corps.
1057 2817 1069 2846 i>

143 2891 228 2922 wmme
249 2880 263 2921 a
281 2880 340 2922 celui
358 2881 386 2921 do
404 2879 517 2921 Domitian
535 2879 593 2921 dtuli
651 2870 701 2922 9sc
716 2879 877 2928 composuerat,
895 2882 906 2912 a
922 2885 945 2916 se
962 2885 1013 2916 sora
1034 2875 1068 2915 la·

142 2945 213 2985 l’eriei
226 2945 289 2985 dela
300 2941 373 2984 coldra
385 2942 460 2991 plutdt
472 2952 515 2991 que
532 2944 558 2984 do
571 2945 593 2984 lu
620 2941 714 2995 ponnde,
723 2943 775 2983 bien
786 2939 867 2989 regiae.
881 2944 893 2975 a

110 3002 115 3014 '
141 3005 252 3048 ilmldlte.
269 3007 289 3048 11
306 3015 322 3056 y
339 3006 462 3054 aquelque
475 3006 593 3047 confusion
650 2994 671 3028 ¹⁰
685 3005 784 3046 Haerebit
797 3002 1068 3052 temperaturauretem-

141 3070 200 3111 dans
212 3069 246 3110 los
258 3067 318 3110 ideas
332 3069 359 3109 de
369 3078 394 3108 os
403 3078 499 3118 passage.
620 3065 738 3118 pdrament
748 3067 876 3108 subsistera.
890 3070 903 3102 r

173 3123 185 3155 ⁴
202 3128 395 3181 Pompte(107-48
407 3141 442 3172 av.
458 3128 531 3174 J.-G.).
652 3119 668 3153 ¹¹
683 3130 740 3172 ((011
753 3140 781 3170 ue
794 3129 849 3180 peut
862 3137 901 3178 pas
914 3129 966 3178 plus
975 3127 1008 3168 ies
1021 3135 1067 3168 em-

173 3185 185 3218 5
202 3193 283 3236 Ooucio
299 3190 400 3242 (cautio,
414 3203 435 3243 p.
447 3195 552 3240 comttt0,·
565 3194 592 3234 R.
620 3185 700 3242 pachon·
713 3202 756 3242 que
771 3194 803 3233 los
816 3189 932 3242 produire,
947 3199 990 3241 que
1002 3199 1026 3232 se
1037 3189 1068 3236 les

140 3267 209 3308 cum,
229 3257 275 3306 tre,
295 3255 371 3306 pruioi
393 3265 437 3304 que
461 3265 524 3307 cum,
546 3257 592 3306 cio,
620 3257 732 3297 donner.»

141 3317 286 3361 ‹asaomblee
297 3319 411 3369 paulique.
424 3315 452 3364 ³³).
650 3307 671 3341 ¹¹
682 3318 792 3369 Mutua,
807 3322 819 3353 a
833 3315 965 3367 passione.)

173 3371 331 3436 Montanus,
350 3382 443 3425 orateur
460 3382 485 3424 et
496 3381 591 3433 philoso·
