<?xml version="1.0" encoding="UTF-8"?>
<!DOCTYPE html PUBLIC "-//W3C//DTD XHTML 1.0 Transitional//EN"
    "http://www.w3.org/TR/xhtml1/DTD/xhtml1-transitional.dtd">
<html xmlns="http://www.w3.org/1999/xhtml" xml:lang="en" lang="en">
 <head>
  <title>
</title>
<meta http-equiv="Content-Type" content="text/html;charset=utf-8" />
  <meta name='ocr-system' content='tesseract 3.04.00' />
  <meta name='ocr-capabilities' content='ocr_page ocr_carea ocr_par ocr_line ocrx_word'/>
</head>
<body>
  <div class='ocr_page' id='page_1' title='image "./adluciliumepist00senegoog_0152.png"; bbox 0 0 2488 3758; ppageno 0'>
   <div class='ocr_carea' id='block_1_1' title="bbox 320 195 1074 254">
    <p class='ocr_par' dir='ltr' id='par_1_1' title="bbox 320 195 1074 254">
     <span class='ocr_line' id='line_1_1' title="bbox 320 195 1074 254; baseline 0.004 -3"><span class='ocrx_word' id='word_1_1' title='bbox 320 209 359 251; x_wconf 76' lang='lat' dir='ltr'><strong>lo</strong></span> <span class='ocrx_word' id='word_1_2' title='bbox 377 209 543 252; x_wconf 81' lang='lat' dir='ltr'><strong>cuciiruu</strong></span> <span class='ocrx_word' id='word_1_3' title='bbox 568 209 733 254; x_wconf 79' lang='lat' dir='ltr'><strong>arrsronu</strong></span> <span class='ocrx_word' id='word_1_4' title='bbox 756 211 907 253; x_wconf 77' lang='lat' dir='ltr'><strong>uouinrs</strong></span> <span class='ocrx_word' id='word_1_5' title='bbox 1038 195 1074 254; x_wconf 85' lang='lat'><strong>83</strong></span> 
     </span>
    </p>
   </div>
   <div class='ocr_carea' id='block_1_2' title="bbox 483 734 738 794">
    <p class='ocr_par' dir='ltr' id='par_1_2' title="bbox 483 734 738 794">
     <span class='ocr_line' id='line_1_2' title="bbox 483 734 738 794; baseline 0.012 -3"><span class='ocrx_word' id='word_1_6' title='bbox 483 734 685 793; x_wconf 83' lang='lat' dir='ltr'><strong>EPISTOLA</strong></span> <span class='ocrx_word' id='word_1_7' title='bbox 711 737 738 794; x_wconf 87' lang='lat' dir='ltr'>X</span> 
     </span>
    </p>
   </div>
   <div class='ocr_carea' id='block_1_3' title="bbox 406 912 815 966">
    <p class='ocr_par' dir='ltr' id='par_1_3' title="bbox 406 912 815 966">
     <span class='ocr_line' id='line_1_3' title="bbox 406 912 815 966; baseline -0.005 -1"><span class='ocrx_word' id='word_1_8' title='bbox 406 914 452 965; x_wconf 80' lang='lat' dir='ltr'><strong>lle</strong></span> <span class='ocrx_word' id='word_1_9' title='bbox 468 913 652 965; x_wconf 77' lang='lat' dir='ltr'><strong>solitudinis</strong></span> <span class='ocrx_word' id='word_1_10' title='bbox 668 912 815 966; x_wconf 85' lang='lat' dir='ltr'><strong>utilitate.</strong></span> 
     </span>
    </p>
   </div>
   <div class='ocr_carea' id='block_1_4' title="bbox 145 1092 1074 1210">
    <p class='ocr_par' dir='ltr' id='par_1_4' title="bbox 145 1092 1074 1210">
     <span class='ocr_line' id='line_1_4' title="bbox 145 1092 1074 1146; baseline -0.004 -6"><span class='ocrx_word' id='word_1_11' title='bbox 145 1097 268 1141; x_wconf 62' lang='lat' dir='ltr'><strong>Somnium</strong></span> <span class='ocrx_word' id='word_1_12' title='bbox 285 1105 291 1137; x_wconf 75' lang='lat' dir='ltr'><strong>r</strong></span> <span class='ocrx_word' id='word_1_13' title='bbox 305 1093 422 1136; x_wconf 82' lang='lat' dir='ltr'><strong>Mauvnise</strong></span> <span class='ocrx_word' id='word_1_14' title='bbox 435 1103 495 1144; x_wconf 85' lang='lat' dir='ltr'><strong>pour</strong></span> <span class='ocrx_word' id='word_1_15' title='bbox 507 1093 560 1136; x_wconf 79' lang='lat' dir='ltr'><strong>tous</strong></span> <span class='ocrx_word' id='word_1_16' title='bbox 573 1103 630 1135; x_wconf 85' lang='lat' dir='ltr'><strong>ceux</strong></span> <span class='ocrx_word' id='word_1_17' title='bbox 645 1092 684 1144; x_wconf 81' lang='lat' dir='ltr'><strong>qni</strong></span> <span class='ocrx_word' id='word_1_18' title='bbox 701 1103 731 1136; x_wconf 87' lang='lat' dir='ltr'><strong>ne</strong></span> <span class='ocrx_word' id='word_1_19' title='bbox 746 1093 827 1136; x_wconf 79' lang='lat' dir='ltr'><strong>carent</strong></span> <span class='ocrx_word' id='word_1_20' title='bbox 841 1103 882 1146; x_wconf 80' lang='lat' dir='ltr'><strong>pas</strong></span> <span class='ocrx_word' id='word_1_21' title='bbox 896 1093 1000 1137; x_wconf 86' lang='lat' dir='ltr'><strong>dominer</strong></span> <span class='ocrx_word' id='word_1_22' title='bbox 1013 1095 1074 1136; x_wconf 82' lang='lat' dir='ltr'><strong>leurs</strong></span> 
     </span>
     <span class='ocr_line' id='line_1_5' title="bbox 175 1155 1074 1210; baseline 0 -10"><span class='ocrx_word' id='word_1_23' title='bbox 175 1157 291 1210; x_wconf 78' lang='lat' dir='ltr'><strong>passione,</strong></span> <span class='ocrx_word' id='word_1_24' title='bbox 303 1167 368 1207; x_wconf 85' lang='lat' dir='ltr'><strong>parea</strong></span> <span class='ocrx_word' id='word_1_25' title='bbox 383 1157 465 1208; x_wconf 85' lang='lat' dir='ltr'><strong>qu&#39;elle</strong></span> <span class='ocrx_word' id='word_1_26' title='bbox 483 1157 515 1198; x_wconf 82' lang='lat' dir='ltr'><strong>les</strong></span> <span class='ocrx_word' id='word_1_27' title='bbox 529 1156 596 1198; x_wconf 82' lang='grc'><strong>161666</strong></span> <span class='ocrx_word' id='word_1_28' title='bbox 613 1166 667 1198; x_wconf 80' lang='lat' dir='ltr'><strong>sans</strong></span> <span class='ocrx_word' id='word_1_29' title='bbox 681 1155 790 1208; x_wconf 79' lang='lat' dir='ltr'><strong>temclne,</strong></span> <span class='ocrx_word' id='word_1_30' title='bbox 807 1159 830 1199; x_wconf 78' lang='lat' dir='ltr'><strong>la</strong></span> <span class='ocrx_word' id='word_1_31' title='bbox 842 1159 940 1200; x_wconf 80' lang='lat' dir='ltr'><strong>solitude</strong></span> <span class='ocrx_word' id='word_1_32' title='bbox 953 1159 987 1200; x_wconf 86' lang='grc'><strong>661</strong></span> <span class='ocrx_word' id='word_1_33' title='bbox 1000 1158 1074 1200; x_wconf 87' lang='lat' dir='ltr'><strong>bonne</strong></span> 
     </span>
    </p>
   </div>
   <div class='ocr_carea' id='block_1_5' title="bbox 175 1219 1161 1273">
    <p class='ocr_par' dir='ltr' id='par_1_5' title="bbox 175 1219 1161 1273">
     <span class='ocr_line' id='line_1_6' title="bbox 175 1219 1161 1273; baseline 0 -11"><span class='ocrx_word' id='word_1_34' title='bbox 175 1231 235 1273; x_wconf 87' lang='lat' dir='ltr'><strong>pour</strong></span> <span class='ocrx_word' id='word_1_35' title='bbox 247 1221 268 1262; x_wconf 92' lang='lat' dir='ltr'><strong>le</strong></span> <span class='ocrx_word' id='word_1_36' title='bbox 282 1229 340 1270; x_wconf 74' lang='lat' dir='ltr'><strong>tage.</strong></span> <span class='ocrx_word' id='word_1_37' title='bbox 354 1219 374 1260; x_wconf 94' lang='grc'><strong>11</strong></span> <span class='ocrx_word' id='word_1_38' title='bbox 388 1219 445 1262; x_wconf 84' lang='lat' dir='ltr'><strong>n’eet</strong></span> <span class='ocrx_word' id='word_1_39' title='bbox 458 1219 523 1270; x_wconf 84' lang='lat' dir='ltr'><strong>point</strong></span> <span class='ocrx_word' id='word_1_40' title='bbox 535 1229 593 1269; x_wconf 79' lang='lat' dir='ltr'><strong>pour</strong></span> <span class='ocrx_word' id='word_1_41' title='bbox 604 1219 625 1261; x_wconf 87' lang='lat' dir='ltr'><strong>le</strong></span> <span class='ocrx_word' id='word_1_42' title='bbox 639 1225 692 1270; x_wconf 73' lang='lat' dir='ltr'><strong>saga</strong></span> <span class='ocrx_word' id='word_1_43' title='bbox 705 1221 732 1262; x_wconf 92' lang='lat' dir='ltr'><strong>de</strong></span> <span class='ocrx_word' id='word_1_44' title='bbox 746 1221 862 1264; x_wconf 86' lang='lat' dir='ltr'><strong>meilleure</strong></span> <span class='ocrx_word' id='word_1_45' title='bbox 878 1219 1016 1270; x_wconf 77' lang='grc'><strong>6661616666</strong></span> <span class='ocrx_word' id='word_1_46' title='bbox 1030 1222 1073 1262; x_wconf 91' lang='lat' dir='ltr'><strong>lul·</strong></span> <span class='ocrx_word' id='word_1_47' title='bbox 1159 1249 1161 1253; x_wconf 88' lang='lat'>-</span> 
     </span>
    </p>
   </div>
   <div class='ocr_carea' id='block_1_6' title="bbox 177 1282 1074 1390">
    <p class='ocr_par' dir='ltr' id='par_1_6' title="bbox 177 1282 1074 1390">
     <span class='ocr_line' id='line_1_7' title="bbox 177 1282 1074 1337; baseline -0.001 -12"><span class='ocrx_word' id='word_1_48' title='bbox 177 1282 258 1326; x_wconf 78' lang='lat' dir='ltr'><strong>memo.</strong></span> <span class='ocrx_word' id='word_1_49' title='bbox 268 1283 338 1326; x_wconf 79' lang='lat' dir='ltr'><strong>vivre</strong></span> <span class='ocrx_word' id='word_1_50' title='bbox 353 1292 408 1326; x_wconf 84' lang='lat' dir='ltr'><strong>avec</strong></span> <span class='ocrx_word' id='word_1_51' title='bbox 420 1284 452 1324; x_wconf 83' lang='lat' dir='ltr'><strong>les</strong></span> <span class='ocrx_word' id='word_1_52' title='bbox 466 1283 567 1324; x_wconf 79' lang='lat' dir='ltr'><strong>hommes</strong></span> <span class='ocrx_word' id='word_1_53' title='bbox 585 1291 670 1324; x_wconf 91' lang='lat' dir='ltr'><strong>comme</strong></span> <span class='ocrx_word' id='word_1_54' title='bbox 684 1283 704 1323; x_wconf 84' lang='lat' dir='ltr'><strong>si</strong></span> <span class='ocrx_word' id='word_1_55' title='bbox 723 1283 779 1326; x_wconf 90' lang='lat' dir='ltr'><strong>Dieu</strong></span> <span class='ocrx_word' id='word_1_56' title='bbox 795 1293 853 1326; x_wconf 84' lang='lat' dir='ltr'><strong>nous</strong></span> <span class='ocrx_word' id='word_1_57' title='bbox 863 1283 951 1337; x_wconf 81' lang='lat' dir='ltr'><strong>voyalt.</strong></span> <span class='ocrx_word' id='word_1_58' title='bbox 967 1284 1045 1326; x_wconf 81' lang='lat' dir='ltr'><strong>Parler</strong></span> <span class='ocrx_word' id='word_1_59' title='bbox 1060 1282 1074 1324; x_wconf 75' lang='lat' dir='ltr'><strong>i.</strong></span> 
     </span>
     <span class='ocr_line' id='line_1_8' title="bbox 177 1343 751 1390; baseline 0.002 -2"><span class='ocrx_word' id='word_1_60' title='bbox 177 1347 236 1390; x_wconf 89' lang='lat' dir='ltr'><strong>Dieu</strong></span> <span class='ocrx_word' id='word_1_61' title='bbox 249 1355 336 1390; x_wconf 83' lang='lat' dir='ltr'><strong>comme</strong></span> <span class='ocrx_word' id='word_1_62' title='bbox 353 1344 372 1387; x_wconf 88' lang='grc'><strong>61</strong></span> <span class='ocrx_word' id='word_1_63' title='bbox 384 1347 416 1387; x_wconf 86' lang='grc'><strong>166</strong></span> <span class='ocrx_word' id='word_1_64' title='bbox 428 1345 531 1387; x_wconf 77' lang='lat' dir='ltr'><strong>hommes</strong></span> <span class='ocrx_word' id='word_1_65' title='bbox 544 1354 602 1387; x_wconf 79' lang='lat' dir='ltr'><strong>nous</strong></span> <span class='ocrx_word' id='word_1_66' title='bbox 612 1343 751 1390; x_wconf 78' lang='lat' dir='ltr'><strong>tcoutuient.</strong></span> 
     </span>
    </p>
   </div>
   <div class='ocr_carea' id='block_1_7' title="bbox 144 1519 1074 2398">
    <p class='ocr_par' dir='ltr' id='par_1_7' title="bbox 144 1519 1074 2398">
     <span class='ocr_line' id='line_1_9' title="bbox 182 1519 1070 1592; baseline -0.002 -13"><span class='ocrx_word' id='word_1_67' title='bbox 182 1521 230 1580; x_wconf 90' lang='lat' dir='ltr'><strong>Sic</strong></span> <span class='ocrx_word' id='word_1_68' title='bbox 253 1520 311 1588; x_wconf 85' lang='lat' dir='ltr'><strong>est,</strong></span> <span class='ocrx_word' id='word_1_69' title='bbox 336 1536 393 1576; x_wconf 91' lang='lat' dir='ltr'><strong>non</strong></span> <span class='ocrx_word' id='word_1_70' title='bbox 415 1520 494 1576; x_wconf 91' lang='lat' dir='ltr'><strong>muto</strong></span> <span class='ocrx_word' id='word_1_71' title='bbox 519 1519 691 1578; x_wconf 89' lang='lat' dir='ltr'><strong>sententiam</strong></span> <span class='ocrx_word' id='word_1_72' title='bbox 715 1541 722 1578; x_wconf 76' lang='grc' dir='ltr'><strong>ε</strong></span> <span class='ocrx_word' id='word_1_73' title='bbox 751 1520 817 1592; x_wconf 86' lang='lat' dir='ltr'><strong>iuge</strong></span> <span class='ocrx_word' id='word_1_74' title='bbox 844 1520 1070 1592; x_wconf 80' lang='lat' dir='ltr'><strong>multitudinem,</strong></span> 
     </span>
     <span class='ocr_line' id='line_1_10' title="bbox 144 1601 1072 1675; baseline -0.002 -15"><span class='ocrx_word' id='word_1_75' title='bbox 144 1604 213 1675; x_wconf 85' lang='lat' dir='ltr'><strong>iuge</strong></span> <span class='ocrx_word' id='word_1_76' title='bbox 232 1601 420 1674; x_wconf 81' lang='lat' dir='ltr'><strong>paucitatem,</strong></span> <span class='ocrx_word' id='word_1_77' title='bbox 445 1601 511 1673; x_wconf 87' lang='lat' dir='ltr'><strong>iuge</strong></span> <span class='ocrx_word' id='word_1_78' title='bbox 531 1601 619 1658; x_wconf 90' lang='lat' dir='ltr'><strong>etiam</strong></span> <span class='ocrx_word' id='word_1_79' title='bbox 635 1617 738 1671; x_wconf 91' lang='lat' dir='ltr'><strong>uuum;</strong></span> <span class='ocrx_word' id='word_1_80' title='bbox 759 1617 815 1657; x_wconf 90' lang='lat' dir='ltr'><strong>non</strong></span> <span class='ocrx_word' id='word_1_81' title='bbox 833 1601 925 1658; x_wconf 89' lang='lat' dir='ltr'><strong>haheo</strong></span> <span class='ocrx_word' id='word_1_82' title='bbox 940 1618 1004 1659; x_wconf 92' lang='lat' dir='ltr'><strong>cum</strong></span> <span class='ocrx_word' id='word_1_83' title='bbox 1017 1619 1072 1674; x_wconf 87' lang='lat' dir='ltr'><strong>quo</strong></span> 
     </span>
     <span class='ocr_line' id='line_1_11' title="bbox 146 1681 1071 1754; baseline -0.002 -14"><span class='ocrx_word' id='word_1_84' title='bbox 146 1685 175 1740; x_wconf 86' lang='lat' dir='ltr'><strong>te</strong></span> <span class='ocrx_word' id='word_1_85' title='bbox 194 1681 456 1738; x_wconf 87' lang='lat' dir='ltr'><strong>communicatum¹</strong></span> <span class='ocrx_word' id='word_1_86' title='bbox 475 1681 577 1751; x_wconf 85' lang='lat' dir='ltr'><strong>velim,</strong></span> <span class='ocrx_word' id='word_1_87' title='bbox 592 1681 621 1738; x_wconf 90' lang='lat' dir='ltr'><strong>et</strong></span> <span class='ocrx_word' id='word_1_88' title='bbox 635 1681 700 1738; x_wconf 88' lang='lat' dir='ltr'><strong>vida</strong></span> <span class='ocrx_word' id='word_1_89' title='bbox 725 1681 800 1754; x_wconf 91' lang='lat' dir='ltr'><strong>quod</strong></span> <span class='ocrx_word' id='word_1_90' title='bbox 815 1682 958 1754; x_wconf 89' lang='lat' dir='ltr'><strong>judicium</strong></span> <span class='ocrx_word' id='word_1_91' title='bbox 977 1699 1071 1738; x_wconf 90' lang='lat' dir='ltr'><strong>meum</strong></span> 
     </span>
     <span class='ocr_line' id='line_1_12' title="bbox 146 1761 1072 1834; baseline -0.002 -14"><span class='ocrx_word' id='word_1_92' title='bbox 146 1761 275 1820; x_wconf 68' lang='lat' dir='ltr'><strong>haheasi</strong></span> <span class='ocrx_word' id='word_1_93' title='bbox 291 1782 297 1818; x_wconf 95' lang='lat'><strong>:</strong></span> <span class='ocrx_word' id='word_1_94' title='bbox 318 1761 409 1817; x_wconf 83' lang='lat' dir='ltr'><strong>audeo</strong></span> <span class='ocrx_word' id='word_1_95' title='bbox 420 1763 447 1818; x_wconf 92' lang='lat' dir='ltr'><strong>te</strong></span> <span class='ocrx_word' id='word_1_96' title='bbox 462 1761 516 1817; x_wconf 89' lang='lat' dir='ltr'><strong>tibi</strong></span> <span class='ocrx_word' id='word_1_97' title='bbox 530 1761 644 1818; x_wconf 89' lang='lat' dir='ltr'><strong>credere</strong></span> <span class='ocrx_word' id='word_1_98' title='bbox 656 1761 677 1818; x_wconf 82' lang='lat'><strong>³.</strong></span> <span class='ocrx_word' id='word_1_99' title='bbox 691 1761 788 1818; x_wconf 83' lang='lat' dir='ltr'><strong>Crates</strong></span> <span class='ocrx_word' id='word_1_100' title='bbox 798 1761 821 1832; x_wconf 84' lang='lat'><strong>⁴,</strong></span> <span class='ocrx_word' id='word_1_101' title='bbox 837 1766 869 1818; x_wconf 87' lang='lat' dir='ltr'><strong>ut</strong></span> <span class='ocrx_word' id='word_1_102' title='bbox 878 1762 972 1831; x_wconf 90' lang='lat' dir='ltr'><strong>aiunt,</strong></span> <span class='ocrx_word' id='word_1_103' title='bbox 986 1762 1072 1834; x_wconf 88' lang='lat' dir='ltr'><strong>hujus</strong></span> 
     </span>
     <span class='ocr_line' id='line_1_13' title="bbox 148 1841 1072 1918; baseline -0.004 -18"><span class='ocrx_word' id='word_1_104' title='bbox 148 1843 240 1918; x_wconf 86' lang='lat' dir='ltr'><strong>ipsius</strong></span> <span class='ocrx_word' id='word_1_105' title='bbox 255 1841 392 1916; x_wconf 85' lang='lat' dir='ltr'><strong>Stilponis</strong></span> <span class='ocrx_word' id='word_1_106' title='bbox 407 1841 530 1910; x_wconf 86' lang='lat' dir='ltr'><strong>auditor,</strong></span> <span class='ocrx_word' id='word_1_107' title='bbox 546 1844 629 1914; x_wconf 87' lang='lat' dir='ltr'><strong>cujus</strong></span> <span class='ocrx_word' id='word_1_108' title='bbox 649 1841 824 1898; x_wconf 89' lang='lat' dir='ltr'><strong>mentionem</strong></span> <span class='ocrx_word' id='word_1_109' title='bbox 843 1841 936 1914; x_wconf 92' lang='lat' dir='ltr'><strong>priore</strong></span> <span class='ocrx_word' id='word_1_110' title='bbox 950 1841 1072 1914; x_wconf 85' lang='lat' dir='ltr'><strong>epistola</strong></span> 
     </span>
     <span class='ocr_line' id='line_1_14' title="bbox 147 1920 1073 1994; baseline -0.001 -14"><span class='ocrx_word' id='word_1_111' title='bbox 147 1923 217 1993; x_wconf 87' lang='lat' dir='ltr'><strong>ieci,</strong></span> <span class='ocrx_word' id='word_1_112' title='bbox 242 1937 330 1994; x_wconf 88' lang='lat' dir='ltr'><strong>quum</strong></span> <span class='ocrx_word' id='word_1_113' title='bbox 357 1920 478 1980; x_wconf 81' lang='lat' dir='ltr'><strong>vidisset</strong></span> <span class='ocrx_word' id='word_1_114' title='bbox 502 1921 749 1980; x_wconf 86' lang='lat' dir='ltr'><strong>adolescentulum</strong></span> <span class='ocrx_word' id='word_1_115' title='bbox 779 1921 907 1979; x_wconf 82' lang='lat' dir='ltr'><strong>seereto⁵</strong></span> <span class='ocrx_word' id='word_1_116' title='bbox 925 1922 1073 1979; x_wconf 86' lang='lat' dir='ltr'><strong>ambulan-</strong></span> 
     </span>
     <span class='ocr_line' id='line_1_15' title="bbox 147 2000 1074 2075; baseline -0.001 -15"><span class='ocrx_word' id='word_1_117' title='bbox 147 2006 221 2073; x_wconf 87' lang='lat' dir='ltr'><strong>tem,</strong></span> <span class='ocrx_word' id='word_1_118' title='bbox 242 2000 427 2074; x_wconf 83' lang='lat' dir='ltr'><strong>i&#39;nterrogavit</strong></span> <span class='ocrx_word' id='word_1_119' title='bbox 446 2001 514 2075; x_wconf 90' lang='lat' dir='ltr'><strong>quid</strong></span> <span class='ocrx_word' id='word_1_120' title='bbox 535 2001 595 2059; x_wconf 89' lang='lat' dir='ltr'><strong>illie</strong></span> <span class='ocrx_word' id='word_1_121' title='bbox 615 2001 694 2059; x_wconf 87' lang='lat' dir='ltr'><strong>solus</strong></span> <span class='ocrx_word' id='word_1_122' title='bbox 713 2000 837 2059; x_wconf 80' lang='lat' dir='ltr'><strong>iaceret?</strong></span> <span class='ocrx_word' id='word_1_123' title='bbox 858 2005 1010 2073; x_wconf 72' lang='lat' dir='ltr'><strong>«Mecum,</strong></span> <span class='ocrx_word' id='word_1_124' title='bbox 1032 2003 1074 2059; x_wconf 88' lang='lat' dir='ltr'><strong>in-</strong></span> 
     </span>
     <span class='ocr_line' id='line_1_16' title="bbox 149 2082 1074 2157; baseline -0.001 -17"><span class='ocrx_word' id='word_1_125' title='bbox 149 2083 223 2157; x_wconf 86' lang='lat' dir='ltr'><strong>quit,</strong></span> <span class='ocrx_word' id='word_1_126' title='bbox 240 2084 350 2156; x_wconf 87' lang='lat' dir='ltr'><strong>loquor.</strong></span> <span class='ocrx_word' id='word_1_127' title='bbox 372 2105 385 2134; x_wconf 83' lang='lat'><strong>›&gt;</strong></span> <span class='ocrx_word' id='word_1_128' title='bbox 408 2113 444 2123; x_wconf 93' lang='lat'>-</span> <span class='ocrx_word' id='word_1_129' title='bbox 463 2083 513 2140; x_wconf 90' lang='lat' dir='ltr'><strong>Cui</strong></span> <span class='ocrx_word' id='word_1_130' title='bbox 531 2083 628 2139; x_wconf 86' lang='lat' dir='ltr'><strong>Crates</strong></span> <span class='ocrx_word' id='word_1_131' title='bbox 644 2103 690 2138; x_wconf 65' lang='lat' dir='ltr'><strong>e«</strong></span> <span class='ocrx_word' id='word_1_132' title='bbox 708 2083 796 2152; x_wconf 85' lang='lat' dir='ltr'><strong>Cave,</strong></span> <span class='ocrx_word' id='word_1_133' title='bbox 816 2082 923 2155; x_wconf 87' lang='lat' dir='ltr'><strong>inquit,</strong></span> <span class='ocrx_word' id='word_1_134' title='bbox 944 2099 1026 2156; x_wconf 86' lang='lat' dir='ltr'><strong>rogo,</strong></span> <span class='ocrx_word' id='word_1_135' title='bbox 1046 2084 1074 2140; x_wconf 90' lang='lat' dir='ltr'><strong>et</strong></span> 
     </span>
     <span class='ocr_line' id='line_1_17' title="bbox 148 2159 1073 2236; baseline 0 -16"><span class='ocrx_word' id='word_1_136' title='bbox 148 2164 301 2236; x_wconf 83' lang='lat' dir='ltr'><strong>diligenter</strong></span> <span class='ocrx_word' id='word_1_137' title='bbox 323 2162 452 2232; x_wconf 89' lang='lat' dir='ltr'><strong>attende,</strong></span> <span class='ocrx_word' id='word_1_138' title='bbox 476 2179 512 2218; x_wconf 91' lang='lat' dir='ltr'><strong>ne</strong></span> <span class='ocrx_word' id='word_1_139' title='bbox 536 2179 601 2220; x_wconf 93' lang='lat' dir='ltr'><strong>cum</strong></span> <span class='ocrx_word' id='word_1_140' title='bbox 621 2162 736 2219; x_wconf 90' lang='lat' dir='ltr'><strong>homine</strong></span> <span class='ocrx_word' id='word_1_141' title='bbox 754 2163 830 2220; x_wconf 90' lang='lat' dir='ltr'><strong>malo</strong></span> <span class='ocrx_word' id='word_1_142' title='bbox 847 2159 987 2236; x_wconf 76' lang='lat' dir='ltr'><strong>loquaris!</strong></span> <span class='ocrx_word' id='word_1_143' title='bbox 1006 2183 1018 2214; x_wconf 71' lang='lat' dir='ltr'><strong>a</strong></span> <span class='ocrx_word' id='word_1_144' title='bbox 1038 2194 1073 2206; x_wconf 91' lang='lat'>-</span> 
     </span>
     <span class='ocr_line' id='line_1_18' title="bbox 147 2243 1073 2316; baseline -0.004 -14"><span class='ocrx_word' id='word_1_145' title='bbox 147 2245 303 2316; x_wconf 83' lang='lat' dir='ltr'><strong>Lugentem</strong></span> <span class='ocrx_word' id='word_1_146' title='bbox 322 2243 526 2316; x_wconf 87' lang='lat' dir='ltr'><strong>timentemque</strong></span> <span class='ocrx_word' id='word_1_147' title='bbox 544 2243 687 2300; x_wconf 87' lang='lat' dir='ltr'><strong>custodire</strong></span> <span class='ocrx_word' id='word_1_148' title='bbox 710 2243 850 2313; x_wconf 80' lang='lat' dir='ltr'><strong>solemus,</strong></span> <span class='ocrx_word' id='word_1_149' title='bbox 870 2260 905 2300; x_wconf 90' lang='lat' dir='ltr'><strong>ue</strong></span> <span class='ocrx_word' id='word_1_150' title='bbox 919 2243 1073 2300; x_wconf 88' lang='lat' dir='ltr'><strong>solitudine</strong></span> 
     </span>
     <span class='ocr_line' id='line_1_19' title="bbox 147 2321 1073 2398; baseline -0.004 -16"><span class='ocrx_word' id='word_1_151' title='bbox 147 2325 224 2382; x_wconf 87' lang='lat' dir='ltr'><strong>male</strong></span> <span class='ocrx_word' id='word_1_152' title='bbox 242 2325 352 2394; x_wconf 88' lang='lat' dir='ltr'><strong>utatur;</strong></span> <span class='ocrx_word' id='word_1_153' title='bbox 372 2340 455 2382; x_wconf 92' lang='lat' dir='ltr'><strong>nemo</strong></span> <span class='ocrx_word' id='word_1_154' title='bbox 477 2324 524 2382; x_wconf 82' lang='lat' dir='ltr'><strong>est</strong></span> <span class='ocrx_word' id='word_1_155' title='bbox 547 2339 583 2380; x_wconf 85' lang='lat' dir='ltr'><strong>ex</strong></span> <span class='ocrx_word' id='word_1_156' title='bbox 602 2323 831 2398; x_wconf 86' lang='lat' dir='ltr'><strong>imprudentibus</strong></span> <span class='ocrx_word' id='word_1_157' title='bbox 843 2323 868 2392; x_wconf 71' lang='lat'><strong>⁸,</strong></span> <span class='ocrx_word' id='word_1_158' title='bbox 885 2324 934 2396; x_wconf 87' lang='lat' dir='ltr'><strong>qui</strong></span> <span class='ocrx_word' id='word_1_159' title='bbox 949 2321 1073 2396; x_wconf 89' lang='lat' dir='ltr'><strong>relinqui</strong></span> 
     </span>
    </p>
   </div>
   <div class='ocr_carea' id='block_1_8' title="bbox 147 2502 1074 3372">
    <p class='ocr_par' dir='ltr' id='par_1_8' title="bbox 147 2502 1074 2688">
     <span class='ocr_line' id='line_1_20' title="bbox 179 2502 1074 2565; baseline -0.006 -8"><span class='ocrx_word' id='word_1_160' title='bbox 179 2502 259 2557; x_wconf 70' lang='grc' dir='ltr'><strong>ι(1666</strong></span> <span class='ocrx_word' id='word_1_161' title='bbox 272 2523 318 2565; x_wconf 73' lang='lat' dir='ltr'><strong>quo</strong></span> <span class='ocrx_word' id='word_1_162' title='bbox 328 2513 349 2556; x_wconf 81' lang='lat' dir='ltr'><strong>te</strong></span> <span class='ocrx_word' id='word_1_163' title='bbox 357 2514 555 2556; x_wconf 81' lang='lat' dir='ltr'><strong>communicatum</strong></span> <span class='ocrx_word' id='word_1_164' title='bbox 565 2523 598 2555; x_wconf 83' lang='lat' dir='ltr'><strong>ue·</strong></span> <span class='ocrx_word' id='word_1_165' title='bbox 626 2512 684 2555; x_wconf 82' lang='lat' dir='ltr'><strong>G&#39;esi</strong></span> <span class='ocrx_word' id='word_1_166' title='bbox 698 2511 753 2552; x_wconf 84' lang='lat' dir='ltr'><strong>dans</strong></span> <span class='ocrx_word' id='word_1_167' title='bbox 768 2509 843 2553; x_wconf 80' lang='lat' dir='ltr'><strong>l’tcole</strong></span> <span class='ocrx_word' id='word_1_168' title='bbox 857 2511 885 2554; x_wconf 90' lang='grc'><strong>(16</strong></span> <span class='ocrx_word' id='word_1_169' title='bbox 896 2509 974 2554; x_wconf 74' lang='lat' dir='ltr'><strong>(iratae</strong></span> <span class='ocrx_word' id='word_1_170' title='bbox 987 2512 1074 2557; x_wconf 77' lang='grc'><strong>616666</strong></span> 
     </span>
     <span class='ocr_line' id='line_1_21' title="bbox 147 2575 1074 2631; baseline -0.004 -11"><span class='ocrx_word' id='word_1_171' title='bbox 147 2578 200 2631; x_wconf 84' lang='lat' dir='ltr'><strong>itm,</strong></span> <span class='ocrx_word' id='word_1_172' title='bbox 216 2585 229 2618; x_wconf 78' lang='grc' dir='ltr'><strong>α</strong></span> <span class='ocrx_word' id='word_1_173' title='bbox 245 2585 301 2619; x_wconf 78' lang='lat' dir='ltr'><strong>aree</strong></span> <span class='ocrx_word' id='word_1_174' title='bbox 317 2575 356 2628; x_wconf 83' lang='lat' dir='ltr'><strong>qni</strong></span> <span class='ocrx_word' id='word_1_175' title='bbox 372 2577 393 2628; x_wconf 73' lang='grc'><strong>16</strong></span> <span class='ocrx_word' id='word_1_176' title='bbox 411 2575 492 2619; x_wconf 85' lang='lat' dir='ltr'><strong>reuiile</strong></span> <span class='ocrx_word' id='word_1_177' title='bbox 509 2577 532 2617; x_wconf 87' lang='lat' dir='ltr'><strong>te</strong></span> <span class='ocrx_word' id='word_1_178' title='bbox 550 2576 600 2618; x_wconf 86' lang='lat' dir='ltr'><strong>roir</strong></span> <span class='ocrx_word' id='word_1_179' title='bbox 626 2586 668 2618; x_wconf 79' lang='lat' dir='ltr'><strong>aon</strong></span> <span class='ocrx_word' id='word_1_180' title='bbox 683 2575 794 2617; x_wconf 88' lang='lat' dir='ltr'><strong>intluence</strong></span> <span class='ocrx_word' id='word_1_181' title='bbox 808 2584 852 2626; x_wconf 84' lang='lat' dir='ltr'><strong>que</strong></span> <span class='ocrx_word' id='word_1_182' title='bbox 868 2575 890 2616; x_wconf 90' lang='grc'><strong>16</strong></span> <span class='ocrx_word' id='word_1_183' title='bbox 902 2575 1015 2617; x_wconf 80' lang='grc'><strong>6161616166</strong></span> <span class='ocrx_word' id='word_1_184' title='bbox 1027 2575 1074 2624; x_wconf 84' lang='lat' dir='ltr'><strong>prit</strong></span> 
     </span>
     <span class='ocr_line' id='line_1_22' title="bbox 148 2635 1073 2688; baseline -0.003 -5"><span class='ocrx_word' id='word_1_185' title='bbox 148 2642 192 2684; x_wconf 87' lang='lat' dir='ltr'><strong>ller</strong></span> <span class='ocrx_word' id='word_1_186' title='bbox 204 2641 362 2682; x_wconf 71' lang='lat' dir='ltr'><strong>commarca»</strong></span> <span class='ocrx_word' id='word_1_187' title='bbox 626 2639 740 2681; x_wconf 71' lang='lat' dir='ltr'><strong>malesanos</strong></span> <span class='ocrx_word' id='word_1_188' title='bbox 751 2635 883 2680; x_wconf 73' lang='lat' dir='ltr'><strong>:taetitia</strong></span> <span class='ocrx_word' id='word_1_189' title='bbox 896 2639 953 2688; x_wconf 80' lang='grc'><strong>6661,</strong></span> <span class='ocrx_word' id='word_1_190' title='bbox 968 2636 1073 2680; x_wconf 63' lang='lat' dir='ltr'><strong>mattae</strong></span> 
     </span>
    </p>

    <p class='ocr_par' dir='ltr' id='par_1_9' title="bbox 147 2694 1074 2940">
     <span class='ocr_line' id='line_1_23' title="bbox 179 2694 1074 2754; baseline -0.004 -9"><span class='ocrx_word' id='word_1_191' title='bbox 179 2694 268 2750; x_wconf 62' lang='grc' dir='ltr'><strong>Ξ11666</strong></span> <span class='ocrx_word' id='word_1_192' title='bbox 280 2703 400 2754; x_wconf 72' lang='lat' dir='ltr'><strong>iudicium</strong></span> <span class='ocrx_word' id='word_1_193' title='bbox 412 2711 490 2743; x_wconf 73' lang='lat' dir='ltr'><strong>meram</strong></span> <span class='ocrx_word' id='word_1_194' title='bbox 508 2702 592 2743; x_wconf 77' lang='lat' dir='ltr'><strong>tolcae</strong></span> <span class='ocrx_word' id='word_1_195' title='bbox 626 2712 666 2742; x_wconf 86' lang='lat' dir='ltr'><strong>son</strong></span> <span class='ocrx_word' id='word_1_196' title='bbox 688 2701 828 2751; x_wconf 82' lang='lat' dir='ltr'><strong>importance</strong></span> <span class='ocrx_word' id='word_1_197' title='bbox 848 2702 872 2743; x_wconf 89' lang='lat' dir='ltr'><strong>et</strong></span> <span class='ocrx_word' id='word_1_198' title='bbox 890 2711 915 2742; x_wconf 79' lang='lat' dir='ltr'><strong>sa</strong></span> <span class='ocrx_word' id='word_1_199' title='bbox 932 2702 995 2750; x_wconf 85' lang='lat' dir='ltr'><strong>place</strong></span> <span class='ocrx_word' id='word_1_200' title='bbox 1017 2701 1074 2741; x_wconf 81' lang='lat' dir='ltr'><strong>dans</strong></span> 
     </span>
     <span class='ocr_line' id='line_1_24' title="bbox 148 2730 971 2816; baseline 0 -12"><span class='ocrx_word' id='word_1_201' title='bbox 148 2771 161 2804; x_wconf 87' lang='grc'><strong>(</strong></span> <span class='ocrx_word' id='word_1_202' title='bbox 175 2767 228 2816; x_wconf 88' lang='lat' dir='ltr'><strong>quel</strong></span> <span class='ocrx_word' id='word_1_203' title='bbox 240 2765 358 2816; x_wconf 68' lang='lat' dir='ltr'><strong>jugement</strong></span> <span class='ocrx_word' id='word_1_204' title='bbox 370 2765 392 2815; x_wconf 82' lang='grc'><strong>16</strong></span> <span class='ocrx_word' id='word_1_205' title='bbox 405 2766 469 2814; x_wconf 83' lang='lat' dir='ltr'><strong>porta</strong></span> <span class='ocrx_word' id='word_1_206' title='bbox 483 2775 522 2806; x_wconf 84' lang='lat' dir='ltr'><strong>sur</strong></span> <span class='ocrx_word' id='word_1_207' title='bbox 536 2730 599 2815; x_wconf 52' lang='lat' dir='ltr'><strong>leit</strong></span> <span class='ocrx_word' id='word_1_208' title='bbox 626 2761 736 2806; x_wconf 82' lang='lat' dir='ltr'><strong>l&#39;histolre</strong></span> <span class='ocrx_word' id='word_1_209' title='bbox 750 2763 777 2806; x_wconf 94' lang='grc'><strong>(16</strong></span> <span class='ocrx_word' id='word_1_210' title='bbox 788 2764 811 2804; x_wconf 84' lang='grc'><strong>16</strong></span> <span class='ocrx_word' id='word_1_211' title='bbox 824 2763 971 2814; x_wconf 83' lang='lat' dir='ltr'><strong>philosophie.</strong></span> 
     </span>
     <span class='ocr_line' id='line_1_25' title="bbox 147 2818 1074 2879; baseline -0.005 -9"><span class='ocrx_word' id='word_1_212' title='bbox 147 2828 240 2871; x_wconf 74' lang='lat' dir='ltr'><strong>c.·u·d.</strong></span> <span class='ocrx_word' id='word_1_213' title='bbox 259 2834 272 2866; x_wconf 87' lang='grc'><strong>(</strong></span> <span class='ocrx_word' id='word_1_214' title='bbox 291 2828 366 2879; x_wconf 86' lang='lat' dir='ltr'><strong>quelle</strong></span> <span class='ocrx_word' id='word_1_215' title='bbox 386 2827 466 2868; x_wconf 80' lang='lat' dir='ltr'><strong>estimo</strong></span> <span class='ocrx_word' id='word_1_216' title='bbox 487 2826 524 2878; x_wconf 83' lang='lat' dir='ltr'><strong>1&#39;ai</strong></span> <span class='ocrx_word' id='word_1_217' title='bbox 542 2837 599 2877; x_wconf 82' lang='lat' dir='ltr'><strong>pour</strong></span> <span class='ocrx_word' id='word_1_218' title='bbox 657 2818 778 2878; x_wconf 62' lang='grc'><strong>58666616,</strong></span> <span class='ocrx_word' id='word_1_219' title='bbox 794 2831 806 2864; x_wconf 77' lang='lat' dir='ltr'><strong>t</strong></span> <span class='ocrx_word' id='word_1_220' title='bbox 824 2826 838 2867; x_wconf 77' lang='lat' dir='ltr'><strong>n</strong></span> <span class='ocrx_word' id='word_1_221' title='bbox 855 2825 963 2868; x_wconf 59' lang='lat' dir='ltr'><strong>leuari.»</strong></span> <span class='ocrx_word' id='word_1_222' title='bbox 980 2821 1022 2868; x_wconf 84' lang='lat' dir='ltr'><strong>(R.</strong></span> <span class='ocrx_word' id='word_1_223' title='bbox 1039 2833 1074 2875; x_wconf 83' lang='lat' dir='ltr'><strong>aa,</strong></span> 
     </span>
     <span class='ocr_line' id='line_1_26' title="bbox 148 2888 1073 2940; baseline -0.004 -8"><span class='ocrx_word' id='word_1_224' title='bbox 148 2890 217 2933; x_wconf 62' lang='lat' dir='ltr'><strong>toi.»</strong></span> <span class='ocrx_word' id='word_1_225' title='bbox 625 2889 706 2940; x_wconf 86' lang='lat' dir='ltr'><strong>partie.</strong></span> <span class='ocrx_word' id='word_1_226' title='bbox 725 2888 864 2939; x_wconf 77' lang='lat' dir='ltr'><strong>separative3</strong></span> <span class='ocrx_word' id='word_1_227' title='bbox 884 2897 983 2938; x_wconf 78' lang='lat' dir='ltr'><strong>caruere,</strong></span> <span class='ocrx_word' id='word_1_228' title='bbox 1001 2888 1073 2937; x_wconf 62' lang='lat' dir='ltr'><strong>trien</strong></span> 
     </span>
    </p>

    <p class='ocr_par' dir='ltr' id='par_1_10' title="bbox 181 2944 900 3006">
     <span class='ocr_line' id='line_1_27' title="bbox 181 2944 900 3006; baseline -0.004 -11"><span class='ocrx_word' id='word_1_229' title='bbox 181 2944 192 2978; x_wconf 87' lang='lat'>³</span> <span class='ocrx_word' id='word_1_230' title='bbox 203 2953 295 2995; x_wconf 70' lang='lat' dir='ltr'><strong>Gradere</strong></span> <span class='ocrx_word' id='word_1_231' title='bbox 298 2982 306 3006; x_wconf 84' lang='lat'><strong>,</strong></span> <span class='ocrx_word' id='word_1_232' title='bbox 321 2958 333 2988; x_wconf 76' lang='lat' dir='ltr'><strong>t</strong></span> <span class='ocrx_word' id='word_1_233' title='bbox 349 2953 438 2994; x_wconf 85' lang='lat' dir='ltr'><strong>condar.</strong></span> <span class='ocrx_word' id='word_1_234' title='bbox 453 2957 466 2988; x_wconf 69' lang='lat' dir='ltr'><strong>l</strong></span> <span class='ocrx_word' id='word_1_235' title='bbox 626 2951 677 2993; x_wconf 77' lang='lat' dir='ltr'><strong>d’od</strong></span> <span class='ocrx_word' id='word_1_236' title='bbox 690 2953 804 3002; x_wconf 66' lang='lat' dir='ltr'><strong>cuorum,</strong></span> <span class='ocrx_word' id='word_1_237' title='bbox 814 2950 900 2996; x_wconf 81' lang='lat' dir='ltr'><strong>orthio.)</strong></span> 
     </span>
    </p>

    <p class='ocr_par' dir='ltr' id='par_1_11' title="bbox 148 3004 1073 3372">
     <span class='ocr_line' id='line_1_28' title="bbox 180 3004 1073 3064; baseline -0.002 -8"><span class='ocrx_word' id='word_1_238' title='bbox 180 3005 191 3040; x_wconf 77' lang='lat'><strong>⁴</strong></span> <span class='ocrx_word' id='word_1_239' title='bbox 206 3014 283 3057; x_wconf 77' lang='lat' dir='ltr'><strong>crates</strong></span> <span class='ocrx_word' id='word_1_240' title='bbox 295 3016 323 3056; x_wconf 88' lang='lat' dir='ltr'><strong>de</strong></span> <span class='ocrx_word' id='word_1_241' title='bbox 332 3013 418 3056; x_wconf 76' lang='lat' dir='ltr'><strong>Thebes</strong></span> <span class='ocrx_word' id='word_1_242' title='bbox 431 3013 537 3056; x_wconf 77' lang='lat' dir='ltr'><strong>dorissrdt</strong></span> <span class='ocrx_word' id='word_1_243' title='bbox 547 3023 599 3056; x_wconf 82' lang='lat' dir='ltr'><strong>rore</strong></span> <span class='ocrx_word' id='word_1_244' title='bbox 656 3004 668 3039; x_wconf 78' lang='lat'><strong>⁶</strong></span> <span class='ocrx_word' id='word_1_245' title='bbox 681 3014 872 3064; x_wconf 72' lang='lat' dir='ltr'><strong>Imprudentium</strong></span> <span class='ocrx_word' id='word_1_246' title='bbox 884 3012 940 3059; x_wconf 80' lang='lat' dir='ltr'><strong>(aon</strong></span> <span class='ocrx_word' id='word_1_247' title='bbox 950 3014 1073 3064; x_wconf 66' lang='grc'><strong>6666111616-</strong></span> 
     </span>
     <span class='ocr_line' id='line_1_29' title="bbox 149 3073 1073 3128; baseline -0.002 -8"><span class='ocrx_word' id='word_1_248' title='bbox 149 3079 188 3121; x_wconf 79' lang='grc'><strong>140</strong></span> <span class='ocrx_word' id='word_1_249' title='bbox 199 3089 235 3120; x_wconf 77' lang='lat' dir='ltr'><strong>ar.</strong></span> <span class='ocrx_word' id='word_1_250' title='bbox 246 3078 302 3120; x_wconf 82' lang='lat' dir='ltr'><strong>J.·(l.</strong></span> <span class='ocrx_word' id='word_1_251' title='bbox 316 3077 413 3128; x_wconf 88' lang='lat' dir='ltr'><strong>Disciple</strong></span> <span class='ocrx_word' id='word_1_252' title='bbox 426 3079 454 3119; x_wconf 90' lang='grc'><strong>(16</strong></span> <span class='ocrx_word' id='word_1_253' title='bbox 467 3076 565 3126; x_wconf 79' lang='lat' dir='ltr'><strong>Diogene</strong></span> <span class='ocrx_word' id='word_1_254' title='bbox 577 3079 599 3118; x_wconf 91' lang='grc'><strong>16</strong></span> <span class='ocrx_word' id='word_1_255' title='bbox 626 3073 702 3123; x_wconf 72' lang='lat' dir='ltr'><strong>douc)</strong></span> <span class='ocrx_word' id='word_1_256' title='bbox 717 3088 730 3118; x_wconf 89' lang='lat' dir='ltr'><strong>a</strong></span> <span class='ocrx_word' id='word_1_257' title='bbox 748 3076 776 3118; x_wconf 85' lang='grc'><strong>161</strong></span> <span class='ocrx_word' id='word_1_258' title='bbox 797 3077 818 3118; x_wconf 90' lang='grc'><strong>16</strong></span> <span class='ocrx_word' id='word_1_259' title='bbox 838 3085 888 3118; x_wconf 78' lang='lat' dir='ltr'><strong>sens</strong></span> <span class='ocrx_word' id='word_1_260' title='bbox 907 3076 1073 3128; x_wconf 79' lang='lat' dir='ltr'><strong>etymologique</strong></span> 
     </span>
     <span class='ocr_line' id='line_1_30' title="bbox 148 3139 1073 3192; baseline -0.003 -10"><span class='ocrx_word' id='word_1_261' title='bbox 148 3139 598 3192; x_wconf 52' lang='grc'><strong>66616661166616616,6611666616</strong></span> <span class='ocrx_word' id='word_1_262' title='bbox 625 3141 652 3181; x_wconf 91' lang='lat' dir='ltr'><strong>de</strong></span> <span class='ocrx_word' id='word_1_263' title='bbox 676 3151 682 3182; x_wconf 74' lang='lat' dir='ltr'><strong>r</strong></span> <span class='ocrx_word' id='word_1_264' title='bbox 700 3144 714 3177; x_wconf 74' lang='grc' dir='ltr'><strong><em>ι</em></strong></span> <span class='ocrx_word' id='word_1_265' title='bbox 732 3139 825 3190; x_wconf 79' lang='lat' dir='ltr'><strong>n’ayant</strong></span> <span class='ocrx_word' id='word_1_266' title='bbox 845 3149 886 3190; x_wconf 81' lang='lat' dir='ltr'><strong>pas</strong></span> <span class='ocrx_word' id='word_1_267' title='bbox 903 3139 1028 3181; x_wconf 72' lang='lat' dir='ltr'><strong>conscience</strong></span> <span class='ocrx_word' id='word_1_268' title='bbox 1045 3140 1073 3180; x_wconf 90' lang='lat' dir='ltr'><strong>de</strong></span> 
     </span>
     <span class='ocr_line' id='line_1_31' title="bbox 149 3201 1073 3260; baseline -0.002 -16"><span class='ocrx_word' id='word_1_269' title='bbox 149 3204 177 3245; x_wconf 91' lang='lat' dir='ltr'><strong>de</strong></span> <span class='ocrx_word' id='word_1_270' title='bbox 188 3213 229 3246; x_wconf 88' lang='lat' dir='ltr'><strong>son</strong></span> <span class='ocrx_word' id='word_1_271' title='bbox 239 3201 361 3254; x_wconf 77' lang='lat' dir='ltr'><strong>caractere,</strong></span> <span class='ocrx_word' id='word_1_272' title='bbox 372 3203 498 3245; x_wconf 83' lang='lat' dir='ltr'><strong>l&#39;exceaeive</strong></span> <span class='ocrx_word' id='word_1_273' title='bbox 508 3204 598 3244; x_wconf 80' lang='lat' dir='ltr'><strong>rudesse</strong></span> <span class='ocrx_word' id='word_1_274' title='bbox 624 3204 686 3244; x_wconf 82' lang='lat' dir='ltr'><strong>leurs</strong></span> <span class='ocrx_word' id='word_1_275' title='bbox 705 3201 803 3260; x_wconf 81' lang='lat' dir='ltr'><strong>actions,</strong></span> <span class='ocrx_word' id='word_1_276' title='bbox 821 3201 873 3244; x_wconf 88' lang='lat' dir='ltr'><strong>n&#39;eu</strong></span> <span class='ocrx_word' id='word_1_277' title='bbox 883 3203 968 3253; x_wconf 69' lang='lat' dir='ltr'><strong>vorant</strong></span> <span class='ocrx_word' id='word_1_278' title='bbox 985 3211 1025 3252; x_wconf 80' lang='lat' dir='ltr'><strong>pas</strong></span> <span class='ocrx_word' id='word_1_279' title='bbox 1041 3203 1073 3242; x_wconf 85' lang='grc'><strong>166</strong></span> 
     </span>
     <span class='ocr_line' id='line_1_32' title="bbox 149 3257 1073 3318; baseline -0.001 -11"><span class='ocrx_word' id='word_1_280' title='bbox 149 3265 177 3308; x_wconf 89' lang='grc'><strong>(16</strong></span> <span class='ocrx_word' id='word_1_281' title='bbox 191 3265 266 3308; x_wconf 75' lang='lat' dir='ltr'><strong>l&#39;ecole</strong></span> <span class='ocrx_word' id='word_1_282' title='bbox 280 3267 377 3317; x_wconf 84' lang='lat' dir='ltr'><strong>cynlque</strong></span> <span class='ocrx_word' id='word_1_283' title='bbox 387 3267 412 3308; x_wconf 86' lang='lat' dir='ltr'><strong>et</strong></span> <span class='ocrx_word' id='word_1_284' title='bbox 422 3265 492 3307; x_wconf 80' lang='lat' dir='ltr'><strong>servit</strong></span> <span class='ocrx_word' id='word_1_285' title='bbox 506 3265 597 3306; x_wconf 87' lang='lat' dir='ltr'><strong>d&#39;inter-</strong></span> <span class='ocrx_word' id='word_1_286' title='bbox 625 3263 796 3318; x_wconf 81' lang='lat' dir='ltr'><strong>constquences‚</strong></span> <span class='ocrx_word' id='word_1_287' title='bbox 818 3275 864 3307; x_wconf 89' lang='lat' dir='ltr'><strong>non</strong></span> <span class='ocrx_word' id='word_1_288' title='bbox 883 3263 977 3308; x_wconf 82' lang='lat' dir='ltr'><strong>mettres</strong></span> <span class='ocrx_word' id='word_1_289' title='bbox 999 3257 1073 3306; x_wconf 58' lang='grc'><strong>(1666-</strong></span> 
     </span>
     <span class='ocr_line' id='line_1_33' title="bbox 149 3327 739 3372; baseline -0.003 -2"><span class='ocrx_word' id='word_1_290' title='bbox 149 3327 259 3372; x_wconf 78' lang='lat' dir='ltr'><strong>mtdlalre</strong></span> <span class='ocrx_word' id='word_1_291' title='bbox 266 3331 332 3372; x_wconf 86' lang='lat' dir='ltr'><strong>entre</strong></span> <span class='ocrx_word' id='word_1_292' title='bbox 340 3327 476 3372; x_wconf 78' lang='lat' dir='ltr'><strong>Antisthene</strong></span> <span class='ocrx_word' id='word_1_293' title='bbox 485 3329 508 3371; x_wconf 87' lang='lat' dir='ltr'><strong>et</strong></span> <span class='ocrx_word' id='word_1_294' title='bbox 517 3327 597 3372; x_wconf 78' lang='lat' dir='ltr'><strong>zenon.</strong></span> <span class='ocrx_word' id='word_1_295' title='bbox 626 3327 739 3370; x_wconf 73' lang='lat' dir='ltr'><strong>memes.»</strong></span> 
     </span>
    </p>
   </div>
   <div class='ocr_carea' id='block_1_9' title="bbox 0 0 1251 3758">
    <p class='ocr_par' dir='ltr' id='par_1_12' title="bbox 0 0 1251 3758">
     <span class='ocr_line' id='line_1_34' title="bbox 0 0 1251 3758; baseline 0 0"><span class='ocrx_word' id='word_1_296' title='bbox 0 0 1251 3758; x_wconf 95' lang='lat' dir='ltr'><strong> </strong></span> 
     </span>
    </p>
   </div>
  </div>
 </body>
</html>
