2488 3758
186 212 239 273 llil
370 220 377 231 ·’
494 215 870 272 n.anrrn1snunca'

186 369 251 410 cum
262 351 383 426 recipies
398 351 478 408 illam
494 352 706 424 remeansque,
721 351 896 422 descendat,
910 368 968 411 nen
980 353 1107 416 decidat.

185 433 369 491 Moderataris
387 433 434 490 aul
455 433 710 505 temperamentum
733 433 850 504 habeat,
873 449 926 490 nec
947 434 1061 506 inducta
1077 441 1109 496 et

186 514 291 572 rustice
309 529 386 569 mare
398 513 543 570 deseviat.
559 514 620 572 Non
632 513 710 570 enim
724 512 753 570 id
768 514 880 584 agimus
896 515 928 571 ut
940 519 1109 576 exerceatur

186 609 254 663 vox,
274 593 323 649 sed
345 593 376 649 ut
390 593 528 649 exerceat.

221 673 336 729 Detraxi
349 673 403 729 tibi
426 688 482 730 nan
501 672 641 747 pusillum
655 673 781 745 negatii¹
798 695 805 730 :
828 689 886 731 una
903 677 1064 736 mercedula
1077 681 1107 738 et

186 769 291 810 munus
312 769 435 826 graecum
453 753 489 809 ad
511 754 573 811 baec
595 753 734 810 beneficia
755 753 879 811 accedet.
899 757 970 813 Ecce
991 757 1106 830 insigne

187 834 378 908 praeceptum:
393 832 491 890 Stulta
504 833 567 889 nitu
585 832 708 906 inpleta
722 837 763 890 eat
781 839 809 890 et
828 833 955 908 trepida.
980 837 1051 894 Tota
1070 841 1107 896 irs

186 914 332 987 futurum
344 912 474 987 fertur&
492 945 523 954 —
543 935 555 965 a
572 913 657 983 Quis,
672 913 784 987 inquis,
798 913 887 970 diciti
901 947 936 956 -
956 917 1035 973 Idem
1055 919 1106 992 qui
1161 955 1166 964 ·

188 1010 283 1068 supra.
299 1025 334 1036 -
356 994 448 1063 Quam
467 994 499 1050 tu
518 1008 593 1050 nune
614 994 702 1051 vitam
721 994 777 1050 dici
798 993 946 1052 existimas
970 997 1107 1056 stultam?

187 1075 270 1131 Babae
283 1074 311 1130 et
331 1071 473 1131 Isionis³l
486 1105 521 1114 -
543 1077 605 1130 Non
628 1073 669 1130 ita
688 1074 732 1130 est
753 1093 761 1131 ε
784 1075 887 1131 Nostra
903 1075 1017 1148 dicitur,
1034 1095 1106 1151 quas

187 1169 261 1211 caeca
273 1154 414 1227 cupiditas
428 1153 459 1209 in
471 1154 614 1223 nocitura,
626 1155 704 1210 certo
716 1169 862 1226 nunquam
874 1155 1024 1227 satiatura,
1038 1176 1107 1232 prae·

187 1235 300 1308 cipitat,
316 1234 418 1307 quibus
434 1233 458 1290 si
473 1233 541 1311 qnid
554 1233 623 1290 satis
636 1248 701 1290 esse
716 1236 825 1306 posset,
836 1234 976 1306 luisset⁴3
990 1239 1107 1310 quinon

188 1315 343 1386 cogitamus
356 1329 438 1388 quam
451 1313 609 1385 jucundum
625 1314 663 1371 sit
674 1313 747 1370 nihil
758 1330 888 1387 poscere3
901 1331 986 1388 quam
998 1320 1107 1390 magni-

188 1396 273 1452 licum
294 1395 333 1452 sit
354 1395 470 1468 plenum
482 1409 565 1464 esse,
585 1409 638 1451 nec
656 1411 691 1451 ex
706 1394 817 1451 fortuna
829 1395 962 1466 pendere.
979 1397 1106 1457 Subinde

189 1476 300 1549 itaque,
320 1474 424 1544 Lucili,
447 1491 531 1546 quam
553 1474 644 1531 multa
661 1475 704 1531 sis
723 1475 893 1532 consecutus
918 1476 1104 1538 recordare⁵:

188 1557 281 1625 Quum
306 1553 471 1628 adspexeris
494 1555 563 1627 quat
589 1554 617 1610 te
639 1554 823 1623 antecedant,
857 1556 951 1626 cogita
974 1559 1040 1630 quat
1062 1575 1107 1616 se·

188 1638 320 1709 quantur.
345 1634 376 1692 Si
397 1634 443 1692 vis
466 1637 563 1706 gratus
587 1651 654 1692 esse
675 1635 814 1692 adversus
831 1636 904 1691 Deos
924 1636 953 1692 et
971 1637 1105 1696 adversus

188 1717 275 1775 vitam
293 1715 386 1786 tuam,
408 1715 501 1786 cogita
516 1731 600 1788 quam
614 1713 935 1778 multas'antecesseris.
957 1717 1032 1786 Quid
1051 1719 1106 1776 tibi

188 1813 252 1854 eum
267 1793 388 1854 ceteris?
401 1799 439 1853 Te
454 1795 515 1870 ipse
531 1795 722 1852 antecessisti.
738 1795 834 1851 Finem
850 1796 1004 1866 constitue,
1022 1815 1106 1871 quem

188 1876 311 1935 transire
327 1893 363 1932 ne
379 1875 472 1950 possis
488 1875 571 1949 quida
573 1892 618 1945 m,
635 1876 661 1932 si
674 1875 770 1932 velis:
789 1875 938 1932 discedant
955 1877 1108 1950 aliquando

188 1958 244 2016 ista
264 1957 403 2013 insidiosa
424 1957 498 2013 bena
524 1956 552 2013 et
573 1955 752 2029 sperantibus
773 1955 892 2012 meliora
923 1973 1008 2028 quam
1031 1975 1109 2017 asse·

188 2036 272 2095 cutis.
290 2035 445 2110 Siquidm
456 2035 603 2093 rllrsesset
614 2033 879 2108 salrd1‚aliquanda
894 2037 923 2092 et
934 2035 1107 2111 implerent

188 2133 264 2176 nunc
278 2116 472 2188 haurientium
487 2115 565 2172 sitim
580 2080 730 2172 concitant
751 2115 896 2174 Mutantur
916 2119 1038 2190 speciosi
1060 2136 1110 2192 ap-

189 2198 327 2271 paratus:
347 2198 392 2266 et,
418 2196 492 2268 quod
516 2195 558 2252 lut
560 2195 604 2251 uri
627 2194 763 2270 temporis
784 2194 894 2252 incerta
917 2212 978 2254 sors
1002 2199 1107 2268 volvit,

189 2293 274 2351 quare
287 2275 381 2350 patius
396 2291 413 2332 a
427 2276 538 2332 fortuna
557 2273 720 2350 impetrem,
736 2275 769 2332 nt
785 2274 846 2332 det·
822 2277 978 2350 t‚quama
996 2294 1056 2349 me,
1071 2295 1109 2336 ne

219 2514 283 2569 1Οιι
304 2527 339 2568 est
361 2522 425 2568 tante
450 2523 478 2566 de
503 2521 589 2565 sourire
608 2531 636 2564 en
664 2522 687 2563 la
703 2521 739 2564 vie
755 2523 780 2564 et
797 2523 822 2563 la
837 2522 933 2574 enltlve,
953 2524 1007 2566 telle
1025 2525 1079 2575 qu'il
1095 2537 1110 2568 a

189 2591 276 2640 veyant
294 2587 393 2637 seneque
412 2588 462 2628 dire
477 2584 492 2626 b
510 2585 612 2627 Lucillus
630 2595 637 2626 r
664 2585 715 2635 plen
727 2581 741 2624 b
754 2583 811 2625 Dian
824 2591 881 2627 nous
894 2585 1018 2638 l’octroyer.
1030 2593 1043 2624 r
1055 2585 1109 2636 (ds-

190 2650 244 2693 aJe
261 2650 302 2692 tal
315 2648 443 2692 debarrasse
457 2648 524 2690 d'une
537 2649 637 2689 tamense
662 2647 722 2696 auls,
731 2646 770 2688 liv.
783 2645 827 2696 ΙΙΙ,
834 2648 869 2689 eh.
880 2644 943 2694 xm.)

190 2712 329 2764 inquietude
347 2715 360 2748 a
381 2711 482 2753 Lucillus
502 2709 559 2752 ciali
578 2710 636 2751 dene
695 2698 787 2749 3ΙΙαΙιιιι
802 2710 827 2750 et
844 2710 942 2762 laicata,
960 2719 1110 2764 personnages

190 2777 242 2831 blan
251 2775 398 2827 serupulenxl
410 2775 433 2815 ei
443 2771 637 2823 senequecroyart
663 2770 778 2821 ridicules,
788 2770 921 2814 dfflalllenrs
914 2783 1033 2816 mconnus

190 2827 248 2881 done
262 2839 327 2880 avoir
344 2837 390 2879 tait
403 2843 481 2878 oeuvre
494 2836 522 2877 de
533 2834 585 2876 bien
598 2835 636 2876 ba·
694 2825 805 2880 walmes
821 2835 844 2874 at
859 2837 917 2884 cata
928 2837 987 2877 satta
1002 2846 1049 2878 aare
1059 2845 1109 2888 poa·

191 2902 236 2943 bile
250 2900 358 2943 casulatsl
662 2897 695 2939 aet
698 2896 807 2947 ,salacea
821 2902 834 2934 a
847 2898 887 2947 qul
899 2899 984 2940 seriana
998 2899 1110 2942 satislmts

223 2959 234 2992 ²
250 2963 306 3005 Tota
318 2965 345 3004 tn
354 2961 558 3014 futurumsertur,
569 2966 583 2998 a
594 2959 636 3002 elle
663 2958 682 3001 st
694 2967 751 3000 nous
763 2960 874 3009 pensione
886 2958 960 3003 itare.
973 2965 986 2998 a

190 3023 284 3066 s’dlance
294 3027 393 3067 coucam
384 3024 439 3066 llere
451 3034 502 3067 vera
515 3023 614 3066 l’arenir.
624 3027 636 3060 r
695 3012 819 3072 iseneque
835 3023 892 3065 veni
910 3032 954 3074 qne
969 3021 1069 3066 Lucillus
1086 3031 1111 3068 se

193 3107 219 3116 -
230 3085 637 3138 Montalgnen’esipaadeeeuxcqui
663 3085 763 3135 cappella
784 3084 815 3126 les
830 3087 955 3136 avantages
975 3094 1020 3138 qne
1043 3085 1076 3128 lul
1095 3095 1111 3128 a

190 3150 355 3199 onltrepassent
367 3151 388 3190 la
400 3149 490 3200 presens
503 3150 528 3191 et
538 3157 562 3190 ee
572 3149 637 3200 quita
663 3145 768 3197 procures
778 3147 803 3188 la
817 3147 963 3197 philosophie.

190 3209 308 3260 possedant
329 3213 386 3259 p'our
410 3212 449 3252 des
473 3211 592 3260 ambrages
613 3211 637 3252 et
695 3199 961 3253 ⁶n11esbeauxdehora
972 3209 1111 3254 soncenoses

191 3273 268 3313 valnas
278 3270 363 3321 imagaa
375 3281 419 3320 que
430 3271 454 3312 la
469 3272 574 3315 lanteleia
587 3273 637 3314 leur
663 3269 819 3322 amassenus
831 3277 844 3309 Ι)

191 3334 238 3374 niet
247 3341 291 3375 en·
296 3332 400 3376 devant..
411 3331 474 3374 Pour
486 3341 546 3388 moy,
554 3333 570 3386 1’
571 3342 637 3386 ayma
