2488 3758
154 226 189 284 68
462 243 489 285 c.
509 243 615 286 xrunr
638 243 768 295 seuseu

154 363 208 418 est.
229 362 307 420 Nihil
329 378 395 420 vero
413 363 471 418 tam
498 363 666 420 damnosum
684 364 768 422 honis
783 364 928 434 moribus,
945 381 1029 437 quam
1048 366 1081 422 in

155 441 250 512 aliquo
270 442 431 516 spectaculo
454 443 621 500 desidere1:
645 445 713 502 tunc
733 444 808 501 euim
828 461 878 518 per
903 444 1080 518 voluptatem

155 521 270 578 facilius
297 523 366 579 vitia
393 523 581 596 subrepunt².
612 524 686 593 Quid
715 541 761 581 me
789 523 939 581 existimas
965 522 1081 580 dicere?

154 601 272 658 Avarior
286 602 379 671 redeo,
392 603 579 676 ambitiosior,
591 603 775 673 luxuriosior,
787 604 844 660 imo
856 619 923 661 vero
935 603 1080 660 crudelior

154 681 184 737 et
197 681 388 752 inhumanior,
405 685 471 754 quia
494 683 569 739 iuter
587 683 717 740 homines
732 684 784 740 lui.

191 762 264 818 Casu
279 763 309 818 iu
324 762 513 819 meridianum
525 763 536 796 ³
550 763 742 837 spectaculum
755 764 854 833 incidi,
865 763 948 820 lusus
962 779 1080 837 exspec-

155 843 234 910 tans,
250 844 278 898 et
292 843 365 899 sales
380 843 401 912 ⁴,
412 844 440 898 et
452 843 561 914 aliquid
576 843 749 912 laxamenti,
766 860 821 916 quo
836 843 984 900 hominum
1000 842 1078 900 oculi

138 940 140 944 ·
155 922 190 978 ab
205 921 329 979 humano
346 939 444 979 cruore
459 923 653 995 acquiescant.
666 924 768 980 Contra
779 924 841 979 est:
859 923 997 994 quidquid
1011 922 1080 978 aute

155 1002 1080 1076 pugnatumest,misericordialuit5.Nunc,omissisnugis‚mera

155 1082 327 1138 homicidial
345 1083 426 1150 sunt;
438 1082 511 1139 nihil
526 1083 696 1155 habentquo
706 1083 853 1153 tegantur3
868 1081 904 1138 ad
913 1082 1001 1138 ictum
1009 1081 1080 1137 lotis

155 1164 320 1237 corporibus
337 1163 474 1235 expositi,
495 1180 641 1234 nunquam
663 1164 769 1222 frustra
792 1179 908 1220 manum
927 1163 1044 1219 mittunt
1056 1160 1078 1220 ⁷.

155 1247 213 1300 Hoc
232 1243 360 1316 plerique
384 1243 536 1300 ordinariis
561 1244 679 1316 paribus
698 1245 727 1299 et
747 1242 962 1318 postulatitiis⁸
980 1243 1082 1316 praele-

154 1324 230 1380 runt.
251 1323 356 1393 Quidni
372 1319 540 1396 praelerant‘?
556 1339 612 1378 non
631 1323 727 1394 galea,
749 1339 807 1380 uon
830 1322 911 1379 scuto
929 1321 1081 1396 repellitur

155 1405 269 1460 ferrum.
292 1403 353 1471 Quo
376 1399 573 1459 munimenta?
592 1418 647 1475 quo
668 1403 764 1460 artes?
784 1403 887 1461 Omnia
906 1402 963 1460 ista
976 1402 1080 1458 mortis

155 1500 240 1540 morae
259 1482 326 1538 suut
343 1481 364 1538 ⁹.
386 1486 469 1539 ilaue
491 1483 623 1538 leonibus
645 1485 673 1538 et
692 1483 769 1538 ursis
792 1483 942 1551 homines,
958 1481 1081 1538 meridie

155 1562 362 1636 spectatoribus
385 1563 447 1617 suis
466 1562 648 1633 objiciuntur.
667 1564 865 1618 Interfectores
877 1561 899 1596 ¹⁰
914 1562 1080 1618 interfectu-

154 1644 195 1699 ris
212 1642 314 1714 jubent
335 1641 436 1712 olrjici,
457 1642 485 1696 et
499 1643 634 1697 victorem
653 1641 683 1697 in
705 1641 791 1698 aliam
813 1641 941 1698 detinent
961 1641 1078 1698 caedem.

154 1723 254 1780 Exitus
269 1722 456 1795 pugnantium
477 1737 553 1777 mors
567 1723 624 1789 est;
642 1721 715 1776 lerro
734 1723 762 1778 et
781 1722 848 1792 igue
861 1721 880 1754 ¹¹
896 1738 942 1778 res
958 1721 1076 1792 geritur.

154 1805 220 1859 Haec
238 1803 325 1870 fiunt,
354 1801 421 1856 dum
443 1802 524 1858 vacat
542 1800 716 1858 arena¹².—
739 1801 793 1858 Sed
808 1801 990 1857 latrocinium
1011 1800 1079 1857 lecit

154 1883 279 1955 aliquis!
297 1881 364 1953 quid
379 1897 445 1952 ergo
460 1879 585 1937 meruit?
599 1882 631 1936 ut
647 1881 848 1952 suspendatur.
865 1881 976 1938 Occidit
987 1881 1079 1935 homi·

153 1965 234 2019 nemi
252 1962 318 2032 quia
332 1961 435 2016 occidit
455 1961 519 2029 ille,
543 1963 648 2016 meruit
668 1962 698 2017 ut
712 1960 764 2016 hoc
785 1962 936 2032 pateretur.
952 1963 993 2016 Tu
1008 1958 1078 2030 qnid

152 2043 300 2112 meruisti,
320 2042 417 2108 miser,
439 2043 470 2097 ut
490 2041 543 2097 hoc
563 2039 692 2115 spectes?
713 2072 744 2080 -
771 2062 783 2091 «
805 2041 923 2109 Occide,
940 2040 1075 2108 verbera,

152 2124 220 2180 urei
237 2123 330 2189 Quare
349 2124 407 2176 tam
431 2121 531 2176 timida
551 2121 671 2177 incurrit
686 2123 716 2177 in
731 2120 859 2177 ferrum?
875 2136 963 2193 quare
975 2135 1077 2192 parum

183 2260 192 2294 1
204 2269 320 2318 Desidere,
333 2277 345 2307 c
356 2269 473 2309 demeurer
487 2269 555 2320 assis,
569 2269 599 2308 oi·
628 2269 718 2318 couples
740 2266 848 2308 reclames
868 2263 1015 2317 (postulata)
1033 2277 1077 2316 par

151 2333 192 2381 mr,
204 2341 262 2382 pour
275 2341 350 2380 passer
361 2331 382 2372 le
394 2332 475 2380 temps.
489 2335 501 2366 l>
628 2332 661 2372 les
670 2331 714 2371 cris
723 2330 754 2370 du
763 2331 1077 2380 peuple,excraordlnnues.r

182 2386 193 2419 ²
207 2394 345 2444 surrepunt,
359 2399 405 2434 ree
414 2393 516 2444 glissent,
530 2391 599 2434 s’insi-
659 2382 669 2415 ⁹
682 2399 694 2429 s
706 2393 726 2432 A
734 2393 787 2442 quor
797 2393 841 2432 bon
852 2401 888 2432 ces
902 2401 1005 2434 nrmures
1015 2388 1077 2438 (mu-

150 2459 253 2499 nusue.)
268 2454 312 2501 (ct.
326 2451 469 2504 subrepere.)
626 2452 760 2502 almania),
787 2456 824 2494 cet
850 2456 888 2495 nrt
912 2455 941 2496 de
968 2455 1077 2495 l'escrlme

183 2511 238 2560 ³Le
249 2519 361 2568 spectacla
371 2519 401 2558 du
412 2517 484 2559 melin
495 2514 599 2559 (morou
627 2513 733 2562 <artem
753 2517 813 2556 Toni
834 2517 883 2558 cela
904 2525 933 2557 ne
958 2518 1005 2558 sert
1026 2516 1078 2566 qu'c

151 2578 221 2626 num)
235 2580 293 2622 etalt
305 2579 410 2620 cousaerd
424 2579 438 2621 t
450 2581 474 2620 la
488 2581 548 2620 luite
561 2580 600 2620 dos
627 2579 730 2619 retardor
745 2579 767 2618 la
778 2580 845 2618 mort.
860 2583 873 2614 ))

150 2641 599 2692 bestialreecontreleslionsdesonrspto.
654 2631 1076 2691 ¹⁰1nter1eetoresincorrectum...son

151 2707 187 2748 Au
197 2705 307 2755 spectacla
315 2703 402 2744 demidl
410 2699 599 2752 (martiliacum),
627 2712 709 2752 oppose
724 2713 782 2744 ceux
796 2702 837 2751 qni
851 2705 893 2744 ont
907 2701 947 2743 iud
958 2698 1001 2747 (les
1012 2700 1076 2742 vain-

151 2769 257 2811 c'etelcnl
278 2769 308 2808 les
326 2765 463 2816 gladiatenrs
481 2765 520 2814 qul
539 2775 598 2806 com-
627 2775 710 2814 queurs
724 2765 823 2814 desleux
834 2761 1077 2814 precedentsien’eu-

152 2831 266 2872 baitaient
280 2830 344 2870 entre
354 2839 405 2870 eux.
627 2829 674 2868 tres
686 2827 726 2876 qui
740 2829 797 2867 roni
811 2828 842 2867 les
855 2829 936 2869 iuer.»

182 2885 273 2940 ⁴dalca,
284 2891 468 2941 «plaisunterles,
477 2889 599 2930 facetias.»
657 2879 677 2912 ¹¹
692 2890 755 2938 Ipora.
770 2889 804 2930 011
824 2889 924 2938 poussaic
942 2897 972 2929 en
985 2887 1076 2930 conibet

183 2945 194 2978 ⁵
216 2955 377 2994 Mmertcordta
404 2953 472 3004 suti,
499 2957 511 2988 c
541 2951 598 2993 elain
627 2951 647 2990 le
660 2950 967 2994 malheureuxreeelcltrnnt
980 2959 1076 2991 avecuu

152 3025 230 3057 oeuvre
244 3016 272 3055 de
285 3015 371 3064 pllio.»
626 3014 661 3054 lor
680 3024 762 3064 rouge,
781 3013 804 3053 et
828 3012 841 3054 d
863 3022 932 3063 ooups
960 3013 987 3053 de
1011 3013 1078 3053 louet

183 3067 194 3101 ⁶
212 3077 277 3118 Mera
298 3077 435 3126 hamtetdto,
457 3082 469 3113 c
492 3076 520 3116 do
538 3075 598 3117 mnis
626 3072 732 3125 (pieplo).

151 3149 287 3188 messacres,
303 3139 324 3178 le
340 3139 440 3178 meurlre
459 3136 532 3187 inu,
546 3148 599 3180 sane
657 3128 678 3161 ¹²
695 3140 757 3180 Dum
773 3139 840 3179 cocat
865 3145 950 3186 crena,
969 3141 982 3173 ί
999 3135 1076 3177 tandlr

149 3195 400 3246 sarracenatorum.»
625 3208 669 3249 que
688 3199 771 3241 l’erene
788 3201 825 3242 est
842 3197 911 3250 libre,
929 3197 1030 3249 pendant
1043 3197 1077 3240 lec

182 3253 193 3287 ⁷
208 3272 221 3302 a
234 3263 276 3302 Pas
290 3271 321 3301 un
335 3271 391 3310 coup
405 3259 444 3309 qui
457 3270 485 3301 ne
500 3261 598 3312 porte.»
626 3261 769 3306 intermedes.
783 3268 796 3299 ὓ

183 3315 313 3365 0Perilaus
333 3322 497 3372 porculatoris,
519 3329 531 3360 c
552 3331 598 3364 aux

1212 3051 1218 3063 ι
