2488 3758
302 212 342 256 nn
365 211 527 255 iucriiuu
551 209 716 252 nrisronn
740 207 889 250 nonnius
1005 191 1057 251 107

461 737 659 796 EPISTULA
681 737 737 794 XV

345 935 391 986 De
407 933 553 997 eorporis
568 931 858 984 exercitationibus.

137 1131 258 1174 Sennium
279 1144 285 1174 z
304 1131 348 1172 Pae
365 1127 496 1173 d'exerclces
514 1129 612 1171 violente
632 1129 656 1170 θῖ
678 1129 817 1178 continuele,
839 1135 925 1168 comme
947 1135 1003 1167 ceux
1024 1125 1062 1168 des

168 1193 273 1236 athletas.
288 1193 320 1234 Le
335 1202 422 1244 voyage
438 1203 466 1234 en
482 1190 558 1234 lltldre
575 1193 599 1233 et
614 1192 637 1232 la
651 1191 786 1242 promenade
799 1191 851 1232 sont
866 1188 1016 1240 preferable,
1030 1197 1062 1229 ru

168 1257 233 1309 qu’iu
245 1253 401 1307 n’cmpdchent
414 1265 456 1308 pas
467 1254 583 1297 l'exerciee
597 1255 625 1296 de
641 1254 732 1304 l'esprit.
742 1253 843 1296 dulciret
861 1263 887 1296 sa
901 1253 955 1296 volu
967 1255 991 1295 θῖ
1003 1252 1060 1294 r'ha·

169 1320 245 1363 bituer
257 1317 271 1362 t
281 1319 357 1362 veriet
368 1321 389 1362 le
401 1319 455 1370 ton,
469 1319 562 1362 suivant
575 1319 608 1359 lec
621 1315 730 1360 amotione
743 1317 770 1358 de
783 1313 856 1360 l'tme.

172 1489 232 1546 Mos
259 1484 385 1558 antiquis
406 1484 475 1553 luit,
500 1483 641 1556 usquead
664 1500 756 1540 meam
781 1482 911 1541 servatus
932 1483 1061 1552 aetatem,

136 1566 239 1641 primis
267 1565 396 1639 epistola
418 1564 514 1622 verbis
538 1564 683 1636 adjicere:
708 1587 721 1616 <a
744 1565 774 1621 Si
800 1564 895 1634 vales,
914 1565 985 1620 bene
1002 1566 1060 1633 est;

137 1663 191 1719 ego
203 1646 295 1704 valeo,
313 1669 325 1698 n
343 1679 376 1690 -
389 1649 473 1702 Recte
486 1646 514 1702 et
526 1661 578 1702 nos
594 1646 717 1702 dicimus
732 1665 738 1702 :
755 1667 768 1696 r
785 1645 816 1702 Si
830 1645 1060 1718 philosophariS,

137 1728 209 1784 hene
232 1727 285 1784 est.
303 1749 316 1778 »
332 1727 432 1784 Valere
451 1727 529 1783 enim
549 1727 601 1782 hoc
616 1726 731 1782 demum
747 1727 807 1795 est3
824 1727 887 1782 sine
901 1728 971 1796 hoc,
986 1744 1062 1799 aeger

136 1810 182 1865 est
197 1807 321 1864 animus.
342 1809 449 1881 Corpus
464 1823 590 1879 quoque,
608 1806 721 1863 etiamsi
736 1822 854 1879 magnos
870 1807 956 1864 habet
973 1809 1059 1879 vinee,

137 1905 195 1944 non
213 1889 297 1944 aliter
312 1891 396 1960 quain
414 1887 515 1944 furiosi
535 1889 585 1943 aut
599 1887 756 1960 phrenetici
776 1889 905 1944 validum
919 1890 973 1946 est.
988 1891 1061 1960 Ergo

138 1969 212 2026 hanc
227 1969 368 2042 praecipue
383 1967 576 2024 valetudinem
593 1983 677 2034 cure,
700 1968 802 2024 deiude
817 1970 845 2024 et
864 1968 944 2024 illam
964 1985 1063 2026 secun·

138 2048 218 2118 dam,
233 2065 296 2121 quae
317 2065 373 2104 non
385 2064 487 2119 magno
501 2048 556 2104 tibi
570 2048 724 2117 constabit,
744 2048 769 2103 si
782 2047 908 2106 volueris
924 2049 996 2107 bene
1017 2067 1064 2108 va-

138 2129 206 2186 lere.
228 2128 322 2186 Stulte
339 2130 384 2186 ast
406 2129 496 2197 enim,
521 2128 561 2184 mi
576 2128 682 2196 Lucili,
702 2130 731 2184 et
752 2127 870 2184 minime
887 2131 1062 2188 'conveniens

138 2210 263 2266 litterato
286 2210 348 2266 viro
370 2209 516 2282 occupatio
535 2209 685 2265 exercendi
706 2208 852 2279 lacertcs¹‚
874 2211 902 2266 et
924 2210 1062 2268 dilatandi

139 2289 305 2360 cervicem²,
321 2305 354 2346 ac
376 2289 466 2346 latera
481 2289 637 2346 firmandi³.
652 2289 746 2358 Quum
760 2289 812 2344 tihi
829 2289 950 2348 feliciter
963 2295 1063 2363 sagina

139 2371 259 2428 cesserit
270 2369 290 2440 ⁴,
316 2372 345 2427 et
371 2370 424 2426 tori
444 2369 633 2439 creverint⁵,·
652 2385 705 2426 nec
728 2369 803 2426 vires
827 2386 953 2443 unquam
975 2373 1064 2445 opimi

52 2501 58 2510 .
140 2450 236 2520 bovis,
264 2466 316 2507 uec
339 2451 449 2524 pondus
472 2451 608 2522 aqualis,
632 2449 730 2522 Adjice
753 2465 842 2519 nunc,
861 2451 935 2522 quod
958 2455 1064 2524 majore

140 2532 265 2605 corporis
291 2531 425 2588 sarcinafl
448 2531 561 2588 enimus
582 2529 710 2600 eliditur,
734 2531 762 2587 θῖ
781 2532 877 2587 miuus
901 2532 984 2603 agilis
1008 2535 1062 2590 est.

171 2693 181 2730 ¹
194 2705 310 2756 Lacertae,
325 2711 338 2744 c
351 2704 446 2748 muncler
459 2701 498 2752 (de
506 2706 530 2746 le
538 2715 588 2757 pnr-
616 2703 653 2746 ῖῖῖ
666 2704 736 2748 l’eiiet
750 2705 777 2748 de
785 2703 840 2748 l'art
848 2716 894 2758 que
902 2705 930 2748 de
940 2707 962 2748 la
974 2708 1064 2750 nature.

140 2769 173 2810 tle
185 2767 316 2820 superiecto
327 2768 357 2810 du
370 2764 445 2820 brus),
460 2768 519 2810 bras.
618 2764 856 2816 (Gardln-Dumeenll.)

171 2831 430 2881 mutandi-cervicem,
453 2837 466 2868 ι
484 2830 590 2880 d’clarglr
648 2822 659 2855 ὅ
674 2831 842 2882 amalguino
854 2843 860 2874 ε
871 2835 884 2869 c
894 2831 959 2874 corde
968 2828 1065 2879 (formio

139 2903 180 2936 eon
194 2895 331 2936 areolum.»
348 2910 380 2920 —
397 2893 476 2935 Geretae
493 2893 588 2944 derigne,
617 2894 644 2935 de
657 2893 753 2936 lanltrer
768 2889 878 2944 torduee),
894 2899 907 2931 r
923 2895 978 2936 dont
995 2906 1026 2938 on
1042 2907 1065 2940 re

141 2956 310 3007 inreprement
323 2958 404 3007 parler,
418 2962 431 2994 a
443 2957 465 2996 la
480 2965 563 3006 nuque.
577 2962 589 2993 i)
617 2957 703 2998 servuli
711 2967 770 3007 pour
785 2958 865 3000 tendre
878 2955 910 2998 lec
923 2957 967 3009 lits,
979 2963 992 2996 a
1003 2970 1065 3002 mou·

173 3009 184 3043 ³
197 3019 323 3061 dimicandi
334 3019 415 3070 ῖθῖθτθ,
429 3017 480 3060 cde
493 3019 590 3060 lortider
617 3020 665 3060 lure
681 3019 786 3061 eironeia
803 3021 816 3053 >³
834 3021 858 3061 et
871 3029 913 3070 par
926 3019 1065 3076 metaphora,

140 3081 174 3123 lei
187 3083 271 3132 lienes,
283 3081 405 3124 d'ailermlr
420 3082 453 3123 lea
466 3082 558 3124 relus.»
616 3091 701 3123 comme
714 3081 743 3123 lcl
758 3093 764 3125 ε
778 3087 790 3119 c
804 3084 1027 3126 marcianellum.»

172 3133 184 3168 ⁴
199 3146 276 3191 Quum
289 3145 332 3186 trel
345 3145 441 3194 saltetur
450 3145 536 3193 carina
547 3154 588 3185 ece·
648 3134 781 3196 ⁸Sareiua,
799 3149 812 3183 (l
830 3145 923 3197 charge,
942 3146 1033 3197 begare.
1052 3151 1064 3183 r

140 3208 196 3249 εθτῖῖ
204 3235 212 3258 ,
235 3213 247 3244 t
269 3208 358 3258 lorsque
381 3207 542 3259 l’embcnpoint
566 3207 589 3246 ῖθ
619 3227 644 3236 -
655 3206 693 3248 Un
700 3207 810 3258 proverbe
819 3217 871 3259 grec
879 3205 1065 3265 ᾱῖεθῖῖεπαχεῖα

140 3278 192 3311 sera
208 3278 267 3311 vcnu
284 3268 410 3312 incubuit.
426 3274 439 3307 r
457 3291 484 3300 -
501 3271 589 3320 sauine
617 3260 713 3324 γαστὴρ
729 3261 815 3314 λέπτον
829 3256 858 3313 οὗ
871 3263 945 3314 τίκτει
957 3260 1023 3314 vicl.

141 3329 233 3385 decime
242 3343 275 3377 un
283 3333 430 3386 embonpoint
442 3333 482 3386 qni
493 3334 528 3376 esi
540 3334 589 3384 plu·
