2488 3758
159 258 194 317 56
468 271 497 316 n.
515 269 624 317 eunus
648 269 778 316 sueres

158 393 182 445 si
197 391 344 453 universal,
360 389 470 458 qu'elles
484 390 593 443 eiieeent
606 393 632 442 et
645 404 679 442 ne
695 391 847 442 retrourcnt
862 387 923 455 plus
935 388 962 441 le
975 393 1093 444 eouture

159 463 205 530 qui
223 466 261 515 les
275 479 290 514 a
305 461 430 528 jointes...

192 535 277 586 oNon
292 533 437 585 seulement
448 533 476 600 je
492 530 655 584 connaisseis
667 545 715 583 son
731 532 791 582 ime
807 544 907 582 comme
923 531 949 582 la
965 531 1088 597 misene,

158 603 247 670 dit-il,
260 618 295 655 en
311 604 417 670 perlem
437 603 469 655 de
490 601 527 654 Le
550 601 651 664 Bootis,
670 601 737 654 mois
753 602 781 667 je
804 615 846 653 me
867 601 939 653 fusse
959 603 1089 655 certeiue

131 736 136 742 ¹
159 680 231 728 ment
251 677 312 741 plue
330 673 471 726 volonticrs
492 673 525 726 fle
546 675 561 724 e
579 672 619 724 lui
637 672 669 726 de
688 672 754 736 moi,
777 673 837 739 qu'e
856 672 917 725 moi.
934 693 945 719 n
963 674 1089 738 (Essaie,

158 747 205 801 liv.
220 747 240 810 1,
252 745 328 812 chop.
341 747 431 810 xxvu.)

486 1232 692 1292 EPISTOLA
714 1233 755 1293 IV

469 1409 517 1464 De
538 1411 653 1462 mortis
675 1411 772 1462 metu.

158 1589 279 1634 souuerse
295 1602 301 1632 ε
314 1589 345 1632 Le
358 1599 440 1640 moyen
454 1589 482 1631 de
493 1590 575 1632 rendre
588 1589 611 1630 ln
624 1589 663 1631 rie
675 1586 780 1640 egreeole
792 1588 828 1630 est
840 1588 869 1631 ds
882 1597 906 1632 ss
919 1588 1018 1638 disposer
1030 1583 1045 1628 i
1059 1587 1084 1630 ie

188 1653 275 1704 quitter
288 1662 340 1694 sens
353 1651 494 1702 secretorio
507 1652 631 1694 redentons
649 1660 691 1702 pes
704 1649 776 1692 meme
790 1650 813 1691 le
827 1652 889 1693 mort
901 1649 1001 1694 violente
1018 1661 1025 1694 s
1038 1650 1084 1692 elie

188 1725 246 1758 nous
258 1713 323 1757 mens
334 1713 364 1757 ou
377 1724 435 1756 nous
449 1715 523 1757 nilons
534 1713 613 1765 eepulr
629 1715 695 1756 notre
710 1711 834 1755 nslmuce.

191 1900 344 1954 Persevera
367 1898 399 1953 ut
416 1895 545 1970 coepisti,
565 1896 594 1952 et
613 1895 751 1967 quantum
772 1893 852 1968 potes
871 1908 1005 1968 propere,
1025 1909 1082 1966 quo

156 1978 265 2034 diutins
278 1978 334 2034 lrui
347 1977 495 2033 emendato
507 1975 603 2031 animo
617 1975 646 2030 ot
659 1973 833 2048 composito¹
849 1973 951 2047 possis.
965 1973 1082 2030 Frueris

156 2057 272 2129 quidem
290 2057 377 2112 eliam
396 2055 465 2112 dum
481 2055 631 2124 emendas,
648 2055 735 2112 etiam
750 2054 818 2110 dum
833 2051 977 2126 componis
995 2070 1003 2109 ε
1022 2051 1083 2109 alic

155 2139 251 2192 temen
264 2135 313 2190 illa
327 2134 456 2207 voluptas
471 2135 529 2202 est,
545 2150 608 2206 quae
623 2135 780 2207 percipitur
796 2150 831 2190 ex
842 2132 1082 2206 contemplatione

155 2215 259 2271 mentis
280 2213 316 2268 ab
336 2213 414 2268 omni
436 2213 500 2269 labe
519 2229 597 2286 purae
616 2216 645 2269 ct
666 2212 851 2286 splendidae'.
872 2216 963 2271 Tenes
982 2212 1082 2285 utique

154 2292 305 2362 memoria,
333 2293 470 2366 quantum
491 2293 618 2349 senseris
642 2293 794 2364 goudium,
818 2309 920 2365 quum,
946 2294 1082 2367 praetexte

154 2371 276 2448 posita³‚
299 2372 450 2446 sumpsisti
471 2373 584 2428 virilem
604 2375 714 2444 togam,
735 2375 764 2429 et
781 2373 811 2428 in
830 2373 923 2429 iorum
942 2373 1081 2431 deductus

154 2470 187 2512 es
204 2472 210 2508 :
230 2454 324 2526 majus
338 2454 485 2526 exspecta,
502 2468 590 2525 quum
605 2452 745 2526 puerilem
759 2453 887 2508 animum
902 2453 1079 2526 deposueris,

155 2535 184 2592 ei
197 2535 226 2590 te
238 2534 268 2589 in
283 2535 360 2590 viros
373 2533 552 2606 philosophia
564 2531 806 2605 transcripser·it⁴.
822 2533 921 2589 Adhuc
932 2533 1009 2588 enim
1024 2548 1081 2589 non

155 2614 279 2689 pueritia
291 2614 321 2668 in
336 2613 431 2681 nobis,
450 2613 514 2681 sed,
530 2611 604 2684 quod
621 2613 666 2668 est
680 2613 811 2683 gravius,
827 2611 976 2687 puerilitas
993 2627 1081 2668 rema·

155 2694 218 2761 net;
234 2693 262 2750 et
275 2692 329 2748 hoc
343 2691 459 2764 quidem
473 2693 552 2765 pejor
564 2692 623 2761 est,
640 2690 713 2763 quod
729 2692 928 2749 auctoritatem
940 2691 1081 2748 hebemus

187 2861 197 2896 ¹
214 2871 353 2922 compactio,
370 2869 481 2921 «ssime,
499 2869 552 2914 bien
568 2868 603 2912 re·
631 2869 707 2912 trient
719 2879 777 2920 pour
790 2871 813 2912 le
831 2869 886 2913 robe
903 2867 970 2912 virile
988 2863 1082 2920 (tonale

154 2932 233 2984 gres.»
248 2934 278 2975 Ire
295 2935 367 2974 eelme
379 2933 407 2974 de
423 2933 489 2975 l'tms
502 2933 551 2975 enit
563 2942 604 2974 son
631 2941 660 2973 on
678 2933 711 2974 les
724 2931 851 2974 conduiseit
869 2941 901 2974 eu
921 2931 1006 2974 rorum
1023 2939 1082 2981 pour

155 2995 313 3038 emendemont
328 2991 480 3040 (emonam).
631 2995 763 3044 symboliser
776 2996 827 3036 leur
841 2992 920 3036 entree
933 2994 990 3034 (iens
1003 2993 1028 3034 le
1043 2991 1080 3036 vie

188 3051 199 3085 ²
216 3057 299 3098 «Puro
318 3057 346 3098 rie
358 3057 425 3098 toute
440 3055 507 3098 teche
519 3057 544 3098 et
559 3065 604 3098 ms·
630 3056 747 3107 publicus.

153 3118 340 3172 plsndlsssnte.»
661 3109 672 3142 ⁴
691 3116 790 3170 sensnm
809 3128 839 3160 no
855 3117 903 3159 voit
923 3119 962 3160 ries
979 3115 1081 3158 hommes

186 3171 197 3206 ³
223 3181 349 3230 Praetento,
375 3179 429 3222 robe
452 3177 535 3222 orodes
561 3189 604 3230 per
630 3181 783 3231 dignesdeoe
796 3190 850 3222 nom
861 3190 905 3231 quo
915 3180 973 3222 dens
983 3179 1016 3220 les
1031 3177 1081 3229 plri-

154 3243 238 3284 devant
258 3241 332 3292 (pre,
348 3240 425 3286 tesia)
444 3251 489 3292 que
507 3244 540 3283 les
560 3242 603 3283 Ro·
630 3243 745 3294 losoplees,
757 3243 797 3292 qui
811 3242 951 3293 depouillent
965 3243 997 3283 les
1009 3240 1080 3282 trivo·

153 3303 239 3352 melus,
249 3303 289 3345 nes
298 3304 376 3352 libres,
386 3303 501 3352 portoient
513 3303 603 3352 iusqu’t
630 3303 681 3346 lites
692 3305 720 3346 de
733 3304 851 3346 i'enienoe.

153 3366 255 3417 six-sept
277 3375 325 3411 ens.
349 3362 475 3416 Lomun’tls
497 3365 521 3405 le
543 3366 602 3416 quit-
