2488 3758
448 236 474 278 L·
494 237 601 278 initui
624 236 759 280 sititet}

476 693 676 786 uuisioni
700 731 729 785 11

350 913 397 965 De
413 914 582 964 itineribus
598 917 630 964 et
646 913 685 964 de
701 914 849 966 lectione.

140 1108 263 1152 Somnus
287 1119 292 1149 :
312 1107 416 1158 manger
434 1107 637 1150 contiuueiiomont
652 1107 681 1149 do
700 1105 777 1157 silom·
796 1107 830 1150 esi
852 1107 876 1149 is
894 1116 988 1157 maique
1008 1106 1065 1150 ti'uu

171 1169 243 1221 osprit
260 1163 360 1220 inquiet,
375 1169 513 1211 inconstanti
534 1190 561 1200 —
578 1169 639 1210 ceux
657 1170 697 1219 qui
714 1170 828 1219 voysgont
843 1170 932 1211 seiont
947 1169 1064 1222 boeuooup

171 1231 271 1282 d'hitee,
283 1241 325 1281 pus
338 1241 370 1272 nu
380 1230 432 1273 ami
443 1252 471 1262 -
486 1233 519 1272 De
530 1230 603 1273 mimo
615 1232 730 1274 teuiiieter
740 1232 853 1282 besuooup
867 1232 1001 1282 ‹i'ouvruoees
1010 1242 1064 1275 saus

171 1297 204 1337 les
218 1293 372 1346 approiondir,
384 1293 439 1335 o’oot
452 1293 561 1336 distroire
573 1304 614 1336 son
625 1295 699 1345 esprit
708 1304 760 1336 suus
773 1295 795 1336 ie
808 1295 905 1336 iortiiier
918 1307 924 1336 z
938 1295 1063 1345 donemut-

172 1357 252 1400 tutbor
265 1355 279 1397 i
292 1357 399 1406 quelques
414 1358 508 1398 auteurs
521 1356 574 1398 bien
591 1357 680 1399 oboisis.
700 1377 728 1388 -·
747 1357 780 1400 De
795 1357 858 1408 pius,
871 1357 968 1399 extrsire
986 1359 1013 1398 de
1029 1367 1065 1400 set

170 1421 267 1462 ieotures
280 1421 376 1469 quelque
387 1419 486 1461 maxime
497 1420 603 1470 pratique
616 1420 655 1470 qui
668 1429 733 1462 serve
746 1419 877 1461 detentet
890 1420 914 1460 ia
928 1419 1064 1462 meditatiou

171 1482 297 1532 docunque
308 1483 369 1534 tour.

176 1662 218 1718 Ex
235 1661 282 1717 his
301 1677 363 1734 quae
383 1661 455 1717 mihi
476 1663 592 1730 scribis,
609 1664 685 1718 etex
703 1662 749 1717 his
764 1677 827 1735 quae
842 1663 941 1730 sudio,
959 1663 1062 1719 bonam

141 1757 221 1816 spem
234 1742 268 1799 de
283 1741 311 1798 ie
327 1741 455 1814 concipio
476 1761 483 1797 :
501 1743 561 1798 Non
580 1740 733 1811 discurris,
757 1758 808 1797 uec
826 1741 952 1798 locorum
971 1745 1064 1798 muta-

140 1821 268 1879 tionibus
288 1821 485 1894 inquietaris¹.
506 1822 583 1893 AEgri
602 1822 689 1878 animi
708 1823 764 1878 isia
779 1821 914 1894 jaciatio²
930 1823 983 1879 esi.
1004 1822 1065 1878 Pri·

140 1918 219 1958 mum
247 1906 447 1972 argumentum
471 1902 636 1973 compositae
661 1901 783 1957 meniis³
805 1902 954 1972 existimo,
979 1917 1065 1974 posse

140 1981 298 2040 consistere
309 1983 338 2036 ei
351 1997 449 2037 seeum
459 1981 574 2038 morari.
584 1981 658 2038 iilud
669 1983 764 2038 autem
775 1981 855 2050 vide,
866 1999 901 2038 ne
912 1981 967 2036 ista
977 1981 1064 2038 lectio

139 2063 287 2117 auctorum
306 2059 461 2116 muliorum
481 2062 509 2114 ei
523 2061 616 2116 omnis
635 2062 747 2131 generis
763 2061 941 2118 voluminum
960 2060 1064 2117 habeut

139 2139 250 2209 aliquid
265 2154 367 2208 vagum
387 2141 415 2194 ei
437 2139 580 2195 instabile.
600 2140 709 2197 Certis⁴
729 2141 852 2212 ingeniis
873 2141 1018 2196 immorari
1034 2143 1064 2197 ei

139 2216 262 2272 enutriri
274 2218 398 2289 oporiet,
420 2219 444 2274 si
465 2217 537 2274 velis
558 2218 668 2290 aliquid
686 2219 813 2288 trahere,
828 2221 901 2292 quod
921 2220 1063 2276 inanimo

139 2296 263 2352 fideliter
281 2295 378 2353 sedeat
387 2296 407 2352 ⁵.
428 2300 569 2369 Nusquam
591 2300 701 2370 estqui
721 2299 827 2370 ubique
846 2301 899 2356 est.
919 2300 1013 2357 Vitam
1032 2300 1063 2355 in

171 2501 246 2552 1((Τιι
256 2508 586 2563 necourspusqietiifflu),
644 2501 655 2533 ⁴
672 2511 742 2553 Certis
761 2510 851 2562 (cerno,
868 2511 966 2562 separer,
984 2511 1063 2551 distin·

137 2574 168 2614 iu
183 2582 212 2613 ne
225 2575 374 2622 comoromets
387 2583 429 2622 par
444 2573 470 2615 tu
490 2571 586 2615 seriniis
613 2569 692 2623 uuor),
707 2580 720 2610 <1
732 2574 813 2615 oboisis
825 2574 941 2623 (iuvenco,
956 2572 1061 2614 determi·

138 2643 181 2685 pur
196 2637 230 2674 tes
243 2633 413 2683 dipiaoemeuts.
427 2637 440 2667 i
614 2635 683 2676 uis.»
698 2636 789 2686 D'apres
801 2638 912 2686 plusieurs
926 2636 1063 2677 commenta-

170 2687 318 2738 ²uPareiiie
335 2697 446 2745 agitatior
458 2699 493 2737 est
508 2699 529 2738 ie
542 2698 586 2738 tait
612 2700 688 2748 teurs,
708 2701 773 2740 certis
794 2699 881 2749 signino
898 2700 927 2739 ioi
946 2711 951 2740 :
970 2705 983 2735 o
1000 2699 1063 2748 quei·

137 2757 205 2800 (l'une
220 2757 269 2798 ime
283 2759 379 2800 malado.
394 2764 406 2794 i)
612 2771 732 2812 ques-uns,
744 2772 776 2802 uu
796 2761 854 2811 petit
872 2763 1002 2810 nombre»
1021 2769 1063 2808 pur

170 2810 181 2843 ⁸
196 2821 252 2862 «La
263 2820 374 2871 premiere
387 2831 472 2872 preuvo
485 2831 514 2862 ou
527 2831 584 2862 mur·
612 2823 737 2872 oppositiou
753 2823 767 2864 b
783 2824 912 2865 intuitorum
931 2825 1062 2864 urniorum.

137 2891 182 2932 que
192 2881 320 2925 distinctim
333 2885 386 2925 (i'un
399 2885 472 2934 esurit
485 2883 537 2924 bien
550 2883 584 2924 re·
613 2885 674 2926 Nous
692 2895 787 2935 oroyous
805 2888 872 2928 certio
889 2884 970 2938 opposi
988 2883 1002 2924 i
1015 2893 1063 2925 om-

137 2942 174 2994 gli
186 2946 220 2984 ost
232 2944 259 2985 de
272 2946 347 2987 sovoir
361 2957 384 2987 se
395 2947 453 2987 iixor
465 2949 490 2988 ot
503 2945 584 2994 selour·
612 2948 651 2987 uis
663 2951 758 2996 aenens.

137 3015 179 3046 ner
190 3007 378 3049 uvoesoi-mtmo.
389 3014 400 3044 u
413 3030 439 3038 -
451 3009 503 3049 ube
512 3008 583 3049 diver·
645 3001 655 3033 ⁵
672 3010 799 3060 Quolqu'un
817 3009 947 3052 demandati
966 3010 980 3052 i
1002 3013 1063 3056 saint

136 3067 255 3109 iissemout
270 3065 342 3114 (dnus
354 3070 376 3111 ie
394 3081 443 3111 sons
457 3081 540 3121 propre
554 3070 585 3111 du
613 3072 711 3113 Thomas
732 3074 754 3114 le
773 3083 855 3124 moyen
873 3073 900 3114 de
919 3074 1012 3117 devenir
1027 3086 1062 3116 sa-

137 3131 197 3179 mot,
213 3128 382 3178 dis-veriore),
395 3133 430 3174 (iit
444 3134 536 3182 Paeoni,
550 3135 585 3174 est
612 3137 689 3175 vent:
706 3141 718 3172 ‹
733 3135 802 3186 G'esi,
823 3136 906 3186 uit-ii,
923 3136 951 3176 de
968 3148 996 3179 ne
1020 3138 1063 3179 iiro

136 3193 159 3232 iu
172 3193 223 3240 pius
235 3194 321 3241 grande
335 3195 414 3234 denos
431 3193 527 3236 misereo.
542 3195 585 3236 Gur
613 3196 683 3244 qu'uu
699 3199 747 3238 seul
761 3197 829 3248 livre,
842 3198 895 3239 bien
906 3199 1004 3241 moisi.»
1020 3199 1063 3244 (oi.

136 3252 191 3294 u'est
204 3255 252 3295 ouis
271 3254 310 3304 qui
326 3264 385 3296 nous
404 3257 509 3306 empiobo
523 3257 583 3307 prin·
612 3259 674 3298 inira
689 3260 833 3309 :Distribuit
853 3260 967 3303 libiorum
983 3262 1063 3304 mulii·

135 3315 274 3366 ripalement
286 3317 314 3358 de
327 3327 407 3367 songer
423 3318 511 3360 inous.
526 3325 538 3356 r
613 3316 686 3364 tudo.)
