2488 3758
310 253 349 294 ln
372 254 546 296 nucrnruu-
563 254 731 297 nrreruuae
753 254 906 296 nonanus
1035 238 1070 294 67

142 369 212 422 ainai
226 385 234 420 ι
250 371 277 422 te
288 371 659 426 L'miueeetueaueeuue
672 373 804 424 stocheim
819 399 851 412 --
866 375 894 423 t·
903 373 1008 425 Eileeet
1017 385 1070 425 une

142 441 262 494 meetion
277 443 453 508 reciproque:
469 444 668 508 coaequatam
681 445 752 496 dimit
767 445 799 494 dc
813 447 899 496 amieo
914 459 977 496 etto:
987 443 1072 496 dimi·

141 513 218 564 dium
240 515 341 564 animm
363 529 427 567 mcc
438 514 531 579 (Saint
544 515 702 582 Augustini.
718 542 749 554 -
766 517 792 566 3⁶
810 515 867 567 Elle
882 516 956 581 exige
972 516 999 568 la
1014 515 1071 581 pri-

141 585 218 635 vaute
227 590 254 636 ct
262 585 384 650 l'egalite.
394 613 426 624 -
437 589 465 635 4⁰
476 587 533 637 Elle
547 601 562 638 a
574 601 640 653 pour
653 587 688 637 loi
702 587 728 638 la
740 586 931 639 bienveillanee
943 587 1069 639 mutuelle

141 654 200 706 etia
212 655 436 707 communication
451 656 498 708 dee
513 657 588 708 biens
602 657 635 708 de
649 657 725 709 l'ime
737 663 763 710 et
774 659 810 709 du
822 671 907 723 corpe.
924 684 955 699 -
968 658 996 710 5⁰
1012 657 1071 710 Elle

140 741 292 778 commenoe
308 741 357 792 par
372 727 544 779 l'inclination
557 743 592 779 ou
607 728 723 780 l'estime.
736 757 768 766 —
782 730 810 782 6⁰
831 729 887 780 Elle
903 745 917 779 a
932 743 1000 796 pour
1011 728 1069 780 seul

139 798 196 848 urai
209 803 236 850 et·
252 797 337 850 solide
350 797 499 850 loudement
512 799 534 850 lc
548 801 623 862 tien,
636 800 663 850 ta
676 806 760 850 certa.

137 1015 305 1028 ——-

459 1289 660 1345 EPISTULA
688 1291 746 1348 Vll

429 1463 594 1526 Fuqienda
611 1467 660 1514 est
676 1463 779 1514 turha.

137 1633 261 1678 sonum
280 1645 287 1674 ε
304 1633 395 1684 Fuyone
412 1634 436 1673 la
453 1634 587 1683 tou1e;elle
604 1643 661 1674 noue
676 1635 741 1676 laleee
759 1635 863 1683 touloure
879 1634 1020 1684 l’emprelnte
1039 1633 1067 1675 oe

168 1697 267 1746 quelque
283 1695 337 1736 vice¹
354 1695 445 1744 Fuyone
459 1696 551 1736 surtout
567 1695 599 1736 les
613 1695 713 1737 combrus
729 1696 759 1736 du
776 1698 854 1746 cirque
870 1709 875 1737 :
893 1706 922 1737 on
938 1706 966 1736 en
977 1696 1066 1737 revlent

169 1757 245 1798 moius
259 1757 361 1798 humeln.
376 1755 532 1799 Becherchonn
545 1756 578 1798 len
597 1756 654 1798 amis
670 1755 707 1799 (en
724 1757 783 1806 petit
797 1754 901 1803 nombre)
916 1757 954 1807 qui
968 1757 1067 1807 peuvent

169 1818 294 1862 nnneiaire
306 1819 336 1860 du
350 1818 409 1860 bien.
440 1858 442 1866 ,

175 1982 253 2052 Quid¹
263 1981 316 2038 tibi
329 1981 479 2039 vitandum
495 1982 637 2056 praecipue
650 1982 812 2038 existimem
826 1982 942 2054 quaeris.
953 1985 1066 2038 -Tur-

138 2063 219 2120 bam!
236 2061 367 2120 Nondum
388 2061 432 2117 illi
447 2063 509 2118 tuto
526 2062 721 2118 committeris.
747 2064 805 2132 Ego
824 2063 899 2118 certe
914 2061 1068 2118 confitebor

139 2141 388 2198 imbecillitatem¹
404 2158 505 2198 meam.
520 2145 672 2214 Nunquam
686 2158 795 2211 moreS,
817 2158 888 2214 quas
904 2141 1008 2211 extuli,
1024 2158 1069 2196 re-

138 2223 222 2278 fero:
248 2220 357 2294 aliquid
376 2237 411 2278 ex
427 2238 476 2288 eo,
498 2222 572 2294 quod
590 2223 736 2295 composui
748 2221 769 2291 ²,
791 2221 937 2290 turbatum
958 2221 1068 2294 aliquid

138 2318 175 2358 ex
196 2301 257 2370 hie,
289 2317 353 2372 quae
374 2302 486 2372 fugavi,
516 2301 600 2358 redit.
635 2302 716 2369 Quod
742 2303 827 2373 aegris
857 2303 969 2370 evenit,
997 2316 1068 2373 quoe

139 2380 226 2451 longa
258 2379 443 2437 imbecillitas
469 2397 559 2453 usque
585 2397 618 2437 eo
636 2382 748 2449 affecit,
783 2384 815 2437 ut
838 2397 979 2452 nusquam
1006 2379 1069 2436 sine

138 2461 250 2516 offensa
271 2459 484 2533 proferantur³,
505 2460 558 2516 hoc
587 2460 691 2516 accidit
715 2460 817 2527 nobis,
838 2476 958 2531 quorum
979 2458 1068 2515 animi

138 2555 175 2596 ex
199 2539 283 2610 longo
303 2539 400 2595 morbo
424 2540 601 2614 reficiuntur.
622 2539 742 2596 Inimica
756 2540 801 2594 est
821 2539 977 2595 multorum
1000 2553 1069 2594 cou-

139 2618 293 2677 rel-satiet
309 2623 397 2676 Nemo
418 2636 475 2676 non
494 2619 609 2692 aliquod
628 2618 711 2676 nobis
726 2619 829 2676 vitium
856 2621 905 2676 aut
928 2635 1070 2677 commen·

140 2699 203 2768 dat,
227 2699 277 2756 aut
300 2699 455 2771 imprimit,
483 2699 532 2755 aut
556 2699 750 2756 nescientibus
777 2699 874 2755 allinit
893 2699 912 2756 ⁵.
947 2699 1067 2771 Utique,

141 2795 196 2852 quo
221 2780 312 2851 major
330 2780 375 2835 est
395 2780 518 2851 populus
546 2780 592 2835 cui
612 2779 777 2848 miscemur,
794 2779 847 2835 hoc
869 2778 988 2852 periculi
1003 2778 1069 2851 plus

173 2961 183 2996 ¹
197 2965 361 3016 imbecillitas,
374 2965 411 3012 (lt.
421 2968 460 3017 tn,
475 2967 592 3018 bacillum,
650 2957 661 2990 ⁴
677 2967 832 3015 Oouoereatto,
851 2970 1011 3018 (commarca,
1025 2965 1070 3012 rre-

138 3039 192 3070 sane
204 3021 303 3077 baton),
318 3028 446 3070 ‹talbleeee
462 3027 550 3074 (contre
561 3031 592 3072 len
619 3029 761 3079 quentation.
773 3032 786 3064 a

140 3090 201 3131 vices
215 3091 242 3132 de
256 3090 279 3131 la
293 3088 398 3135 lonlei»
652 3083 662 3116 ⁵
677 3091 826 3132 Gemmendot
834 3117 841 3142 ,
863 3096 876 3128 c
895 3092 995 3134 autorlse
1012 3088 1071 3143 <pur

171 3144 182 3177 ²
198 3151 333 3202 Composuit,
351 3153 417 3204 ul’al
432 3151 524 3206 pacina,
538 3153 591 3195 her·
620 3148 752 3204 1’exemple)
764 3157 796 3202 ς)
815 3174 842 3182 -
857 3155 986 3204 imprimo,
1002 3154 1069 3196 «im

139 3213 257 3256 munire.»
615 3215 691 3266 vprime
698 3220 720 3265 3‘
729 3231 762 3242 -
770 3215 862 3267 allinit,
876 3222 888 3255 t
900 3217 1070 3268 communique,

172 3267 182 3301 ³
197 3275 292 3326 «Qu’ite
303 3286 332 3318 ne
343 3278 444 3328 peuvent
457 3275 506 3323 ttre
515 3279 594 3331 pomos
621 3277 702 3321 enuult
715 3287 756 3328 per
772 3279 793 3320 le
806 3279 885 3331 simple
899 3279 996 3322 conteret.
1010 3279 1023 3314 θ

138 3337 223 3382 dehore
239 3347 292 3382 eane
305 3338 430 3383 malalee.»
468 3336 471 3346 '
