2488 3758
305 241 346 284 an
368 241 534 284 nucruruu
557 241 724 286 rrrsroun
746 241 899 286 nonanes
1026 223 1061 284 65

133 361 290 433 gratulatio
318 362 362 432 lit,
385 379 474 435 quum
496 362 554 437 ipsi
579 379 670 436 aegros
689 380 721 421 se
745 379 811 421 esse
832 361 993 420 senserunt.
1013 360 1065 418 Cu·

134 458 234 515 penem
263 442 359 515 itaque
384 447 478 503 tecum
497 445 709 502 communicare
739 445 797 500 tam
823 443 949 500 subitam
973 441 1064 496 mute·

135 521 243 577 tionem
271 522 328 578 mei
351 541 358 578 :
382 524 450 579 tunc
473 520 607 580 amicitiae
633 525 736 580 uostrae
757 524 907 581 certiorem
930 519 1063 576 fiduciam

135 600 242 658 babere
273 603 443 675 coepissem
473 602 554 659 illins
575 620 666 673 verae,
693 620 778 675 quam
807 619 863 659 nou
894 617 980 674 spes,
1006 613 1064 655 uon

136 681 231 749 timor,
255 697 313 738 non
327 682 463 739 utilitatis
478 699 537 740 suae
558 699 627 740 cura
649 682 785 753 divellit3
808 683 905 750 illius,
925 697 990 737 cum
1008 693 1064 750 qua

134 760 267 818 homines
280 763 451 834 moriuntur,
466 779 516 837 pro
530 780 586 836 qua
600 764 771 820 moriuntur.
787 763 892 820 illultos
907 759 960 816 tibi
977 758 1062 828 dabo,

134 842 184 914 qui
205 857 264 897 non
282 842 374 899 amico
383 841 404 912 ¹,
425 844 476 900 sed
494 843 624 900 amicitia
645 845 807 900 caruerunt.
824 845 881 899 Hoc
897 856 953 918 uon
970 839 1064 912 potest

134 921 284 990 accidere,
309 938 396 994 quum
420 922 532 980 animos
551 924 582 979 in
602 923 770 980 societatem
790 921 911 978 honesta
929 915 1063 991 cupiendi

134 1016 186 1073 par
212 1001 348 1078 voluntas
370 1001 490 1059 trabit².
515 1003 623 1072 Quidni
651 1017 708 1058 non
732 1000 842 1075 possit?
864 999 965 1058 Sciunt
985 996 1063 1051 euim

135 1081 215 1153 ipsos
224 1081 430 1139 omniahebere
442 1083 622 1152 communia,
637 1081 793 1154 etquidem
807 1080 898 1154 magis
912 1074 1060 1136 adversm.

135 1160 290 1234 Concipere
312 1162 408 1217 animo
435 1178 491 1219 non
513 1163 594 1236 potes
615 1164 754 1234 quantum
781 1158 940 1218 momenti⁴
961 1156 1063 1212 allerro

134 1239 207 1295 mibi
226 1240 357 1312 singulos
372 1241 436 1298 dies
450 1242 572 1299 videam.

181 1341 194 1370 α
224 1321 320 1391 Mitte,
350 1321 463 1393 inquis,
495 1325 524 1379 et
551 1323 635 1378 nobis
662 1324 732 1390 ista,
760 1337 824 1393 quae
848 1320 906 1376 tam
934 1315 1062 1374 efficacia

133 1401 271 1474 expertus
287 1402 334 1456 esl
356 1422 369 1451 a
386 1404 443 1472 Ego
456 1417 524 1459 vero
535 1403 632 1458 omnia
643 1403 674 1458 in
690 1403 719 1456 te
733 1401 818 1472 cupio
828 1396 1028 1456 transfundere
1040 1394 1062 1462 ⁵,

131 1481 162 1536 et
187 1482 217 1536 in
235 1481 288 1537 boc
305 1479 414 1552 aliquid
436 1482 546 1553 gaudeo
566 1481 693 1550 discere,
716 1481 749 1538 ut
771 1478 923 1537 doceam⁰:
948 1490 1000 1532 nec
1015 1490 1062 1531 me

132 1559 195 1618 ulla
216 1576 263 1616 res
285 1559 455 1631 delectabit,
477 1561 546 1618 licet
565 1561 605 1618 sit
625 1560 731 1618 eximia
750 1562 779 1618 et
798 1558 953 1624 salutaris,
975 1570 1061 1628 quarn

132 1639 206 1696 mihi
229 1641 278 1696 uni
300 1641 426 1697 sciturus
450 1655 524 1698 sum.
553 1640 669 1698 sicum
693 1639 746 1696 bac
768 1635 956 1712 exceptioue⁷
978 1636 1061 1692 detur

133 1719 294 1791 sapientia,
311 1722 342 1775 ut
359 1720 440 1776 illam
460 1720 602 1778 inclusam
619 1720 734 1776 teneam
756 1735 809 1774 nec
833 1717 998 1783 enuntiem,
1018 1729 1062 1769 re·

129 1798 260 1870 jioinm⁸.
283 1797 398 1855 Nullius
418 1799 483 1855 boni
511 1800 575 1855 sine
595 1799 671 1854 socio
689 1796 816 1868 jucunda
837 1795 983 1870 possessio
1005 1792 1059 1849 est.
1151 1815 1153 1820 ·

132 1878 246 1935 blittam
263 1877 360 1951 itaque
375 1878 454 1952 ipsos
473 1878 525 1935 tibi
536 1878 646 1934 libros:
662 1877 706 1945 et,
721 1892 757 1932 ne
767 1875 888 1932 multum
901 1889 993 1947 oporae
1008 1871 1062 1927 im-

164 2070 173 2104 ¹
186 2080 305 2130 Amison
318 2081 373 2122 d'un
381 2082 439 2131 ami,
452 2085 464 2117 ³
479 2077 522 2127 (eu
533 2091 584 2123 seue
595 2075 599 2094 ¹
610 2076 705 2128 moveo).

131 2143 202 2184 benni
215 2143 247 2183 du
259 2138 337 2195 mct);
349 2144 468 2194 amleitto,
478 2151 491 2181 ‹
503 2143 583 2185 emilie
643 2135 654 2168 ὅ
669 2141 853 2194 fromsandm,
863 2146 877 2180 e
886 2149 963 2184 versor
975 2139 1060 2182 duna.»

130 2203 250 2247 reritable.
264 2208 277 2240 )
641 2195 653 2230 ⁶
667 2207 755 2248 Ducere
767 2206 900 2255 utdooeam,
909 2209 922 2241 s
930 2203 1060 2255 apprendre

163 2257 201 2308 ἀ
221 2266 300 2316 Qunnd
318 2277 362 2308 une
378 2266 442 2318 egale
459 2267 582 2309 resolution
594 2312 596 2327 Ι
609 2277 668 2317 nour
680 2273 703 2309 te
719 2269 862 2318 l'eneelgner.
877 2272 890 2303 θ
905 2287 932 2296 -
947 2272 960 2305 o
974 2266 1007 2307 ba
1020 2264 1058 2306 re·

130 2329 159 2370 de
173 2328 258 2370 desirer
271 2330 292 2371 le
306 2329 359 2371 bien
372 2333 437 2380 porto
450 2331 482 2372 les
496 2329 582 2372 nmesb
608 2331 691 2372 ritable
710 2329 800 2379 amitte,
819 2329 855 2371 dib
874 2329 944 2371 silvio
961 2328 1060 2378 Pelllco,

129 2390 236 2432 dunin.»
258 2411 285 2421 -
307 2391 327 2432 11
345 2401 361 2442 y
380 2403 394 2432 a
416 2393 474 2433 troie
495 2388 643 2446 esneeejesc
658 2401 703 2434 une
716 2390 915 2433 internitecest
930 2400 961 2431 nn
977 2389 1059 2432 accord

130 2452 254 2504 d'amlties,
270 2453 306 2495 dlt
323 2453 426 2495 Aristone
442 2467 448 2496 ι
466 2453 526 2495 l’une
546 2456 581 2496 est
608 2453 713 2504 supreme
734 2454 762 2495 de
784 2453 843 2493 deux
861 2461 891 2492 ou
909 2453 966 2492 trois
984 2450 1058 2501 tmen,

130 2515 472 2567 tondeenurrepleulr,1·autre
483 2516 580 2557 surl’in·
592 2499 595 2584 J
607 2516 688 2566 temnis
709 2515 764 2556 d’un
786 2513 859 2563 grand
886 2514 998 2562 nombre,
1019 2512 1059 2563 qul

130 2577 202 2627 teret,
216 2579 241 2618 la
254 2577 368 2620 troieleme
382 2588 421 2620 nur
435 2579 458 2618 le
468 2581 539 2619 ventu
550 2588 580 2619 ou
592 2620 594 2640 Ι
607 2581 660 2619 nont
677 2578 790 2618 devennee
807 2575 943 2617 neoenenlres
964 2573 1026 2615 l'une
1044 2573 1058 2616 d

130 2639 323 2682 l’bonnetett...-
333 2647 346 2677 ‹
355 2640 389 2681 Le
398 2641 458 2682 seule
470 2640 580 2683 veriteble
592 2655 594 2699 ὲ
607 2641 700 2689 l'autre,
717 2639 756 2690 qul
773 2640 815 2679 ont
829 2635 911 2679 trouve
924 2637 986 2679 l'une
1002 2637 1059 2680 dans

130 2701 208 2743 emitte
223 2704 259 2744 est
272 2703 327 2744 celle
340 2703 379 2744 des
396 2713 517 2753 personum
530 2713 579 2744 ver·
591 2720 594 2780 p
607 2702 690 2744 l’antre
703 2703 726 2742 la
737 2703 787 2753 plus
799 2701 886 2750 grande
900 2698 1033 2751 disposition
1045 2697 1059 2740 b

129 2765 253 2806 menses)
269 2763 375 2809 (Morole
393 2763 409 2805 d
427 2766 578 2816 Ntcomnoue,
606 2775 631 2806 se
652 2765 813 2814 compreudro,
832 2762 846 2803 ll
871 2761 1022 2811 s’entr'aider,
1044 2758 1059 2800 b

130 2827 169 2870 liv.
177 2827 233 2868 VIII
236 2823 253 2869 ,)
269 2848 295 2856 -
308 2832 320 2863 t
331 2827 365 2868 Ne
375 2827 500 2869 deshonore
509 2837 548 2876 pas
558 2829 580 2868 le
591 2867 593 2884 ¹
606 2827 765 2877 e’lnterprdter
777 2826 916 2873 noblement,
928 2823 942 2864 a
955 2822 1059 2864 s'exciter

129 2898 183 2930 nom
197 2888 259 2931 encre
271 2888 392 2937 demidio
406 2890 476 2930 Slivlo
486 2890 579 2940 Pellieo,
591 2885 593 2970 l
605 2899 637 2931 au
657 2889 742 2930 bien.»
761 2887 869 2932 (Decotre
886 2886 925 2926 dee
944 2885 1057 2935 bonumne,

129 2960 158 2992 en
171 2952 194 2992 ie
211 2952 315 2992 donnnnt
331 2949 464 2992 bl'bomme
482 2953 522 3002 qul
542 2951 579 2992 n'a
607 2952 643 2992 eh.
655 2947 716 2996 και)

129 3023 173 3063 que
188 3023 231 3064 pou
247 3024 277 3054 ou
290 3013 355 3063 point
373 3014 401 3055 de
414 3015 489 3057 verbu.
501 3019 514 3049 n
528 3009 579 3059 (De
636 3003 714 3054 ⁷Hoc
735 3013 872 3062 eeoepttorw,
893 3015 906 3047 t
923 3019 978 3052 areo
997 3011 1058 3050 cette

129 3077 240 3117 veraedos
254 3075 367 3125 hommes,
377 3076 411 3117 cb.
426 3072 487 3121 xm.)
607 3076 745 3118 restrictiori.
758 3079 770 3111 n

162 3128 172 3162 ³
186 3137 241 3178 «Et
254 3137 382 3180 l'advereltd
396 3137 580 3188 monemusque
639 3127 650 3162 ⁸
668 3137 800 3179 Fontenelle
824 3137 860 3178 eet
879 3136 930 3186 plus
952 3133 1058 3184 ogolste:

128 3200 181 3241 tout
194 3201 216 3241 le
229 3200 324 3242 reste.)
607 3193 1057 3250 «snt’avals,dlt·ll,1amunpietus

160 3252 171 3286 ⁵
188 3263 308 3310 errantum
319 3264 436 3314 momenti,
448 3264 520 3314 «quel
529 3271 579 3314 pro·
608 3263 635 3305 de
649 3260 740 3313 veritos,
749 3263 770 3313 le
783 3271 820 3304 me
833 3259 949 3312 sardensis
962 3257 1014 3300 bleu
1028 3256 1058 3298 do

129 3322 580 3375 tres.)llomentum·moolmcntatm(ll.
607 3323 735 3368 l’ourrir.)
